Type,Product,Started Date,Completed Date,Description,Amount,Fee,Currency,State,Balance
Transfer,Savings,2024-07-03 14:07:48,2024-07-03 14:07:48,To pocket RON mate from RON,150.00,0.00,RON,COMPLETED,150.00
Transfer,Savings,2024-07-03 14:08:08,2024-07-03 14:08:08,To pocket RON info from RON,150.00,0.00,RON,COMPLETED,300.00
Transfer,Savings,2024-07-03 14:08:14,2024-07-03 14:08:14,To pocket RON info from RON,150.00,0.00,RON,COMPLETED,450.00
Transfer,Savings,2024-07-03 14:08:22,2024-07-03 14:08:22,To pocket RON mate from RON,150.00,0.00,RON,COMPLETED,600.00
Transfer,Savings,2024-07-18 13:56:08,2024-07-18 13:56:08,Pocket Withdrawal,-150.00,0.00,RON,COMPLETED,450.00
Transfer,Savings,2024-07-18 17:02:51,2024-07-18 17:02:51,Pocket Withdrawal,-140.00,0.00,RON,COMPLETED,310.00
Transfer,Savings,2024-07-22 10:09:03,2024-07-22 10:09:03,Pocket Withdrawal,-10.00,0.00,RON,COMPLETED,300.00
Transfer,Savings,2024-07-22 10:09:09,2024-07-22 10:09:09,Pocket Withdrawal,-150.00,0.00,RON,COMPLETED,150.00
Transfer,Savings,2024-07-26 21:23:28,2024-07-26 21:23:28,Pocket Withdrawal,-100.00,0.00,RON,COMPLETED,50.00
Transfer,Savings,2024-07-27 19:37:45,2024-07-27 19:37:45,Pocket Withdrawal,-50.00,0.00,RON,COMPLETED,0.00
Transfer,Savings,2024-09-09 22:00:50,2024-09-09 22:00:50,To pocket RON iexamen from RON,300.00,0.00,RON,COMPLETED,300.00
Transfer,Savings,2024-09-26 07:42:21,2024-09-26 07:42:21,Pocket Withdrawal,-12.00,0.00,RON,COMPLETED,288.00
Transfer,Savings,2024-10-03 10:46:14,2024-10-03 10:46:14,Pocket Withdrawal,-288.00,0.00,RON,COMPLETED,0.00
Transfer,Current,2024-06-29 13:22:40,2024-06-29 13:22:41,Revolut Bank UAB,89.49,0.00,RON,COMPLETED,89.49
Transfer,Current,2024-06-29 13:23:41,2024-06-29 13:23:41,Revolut Bank UAB,-0.01,0.00,RON,COMPLETED,89.48
Transfer,Current,2024-07-01 12:40:43,2024-07-01 12:40:44,Revolut Bank UAB,370.00,0.00,RON,COMPLETED,459.48
Card Payment,Current,2024-07-01 12:46:15,2024-07-02 04:51:12,Extasy,-75.00,0.00,RON,COMPLETED,384.48
Card Payment,Current,2024-07-01 14:09:47,2024-07-02 08:15:18,Superbet,-20.00,0.00,RON,COMPLETED,364.48
Card Payment,Current,2024-07-02 12:40:50,2024-07-03 07:44:06,Restaurant Sat Boss,-14.00,0.00,RON,COMPLETED,350.48
Transfer,Current,2024-07-03 14:05:57,2024-07-03 14:05:57,Revolut Bank UAB,1900.38,0.00,RON,COMPLETED,2250.86
Transfer,Current,2024-07-03 14:07:48,2024-07-03 14:07:48,To pocket RON mate from RON,-150.00,0.00,RON,COMPLETED,2100.86
Transfer,Current,2024-07-03 14:08:08,2024-07-03 14:08:08,To pocket RON info from RON,-150.00,0.00,RON,COMPLETED,1950.86
Transfer,Current,2024-07-03 14:08:14,2024-07-03 14:08:14,To pocket RON info from RON,-150.00,0.00,RON,COMPLETED,1800.86
Transfer,Current,2024-07-03 14:08:22,2024-07-03 14:08:22,To pocket RON mate from RON,-150.00,0.00,RON,COMPLETED,1650.86
Card Payment,Current,2024-07-03 18:01:03,2024-07-04 04:35:56,5ToGo,-5.50,0.00,RON,COMPLETED,1645.36
Card Payment,Current,2024-07-03 10:16:01,2024-07-04 15:44:29,Lime,-4.21,0.00,RON,COMPLETED,1641.15
Card Payment,Current,2024-07-03 17:32:12,2024-07-04 18:43:01,Metrorex,-3.00,0.00,RON,COMPLETED,1638.15
Card Payment,Current,2024-07-04 21:49:33,2024-07-05 04:38:34,MKN Dual Modern,-27.50,0.00,RON,COMPLETED,1610.65
Card Payment,Current,2024-07-04 20:13:32,2024-07-05 07:52:16,Mega Image,-45.38,0.00,RON,COMPLETED,1565.27
Card Payment,Current,2024-07-04 12:03:55,2024-07-05 08:02:25,ZEMAN maso - uzeniny,-8.00,0.00,RON,COMPLETED,1557.27
Card Payment,Current,2024-07-04 09:50:49,2024-07-05 08:02:27,ROM SEP S.R.L.,-50.00,0.00,RON,COMPLETED,1507.27
Card Payment,Current,2024-07-04 12:08:25,2024-07-05 08:35:04,Fornetti,-6.00,0.00,RON,COMPLETED,1501.27
Transfer,Current,2024-07-05 13:45:12,2024-07-05 13:45:12,Revolut Bank UAB,55.00,0.00,RON,COMPLETED,1556.27
Card Payment,Current,2024-07-04 15:15:21,2024-07-05 16:01:03,Uber,-14.94,0.00,RON,COMPLETED,1541.33
Card Payment,Current,2024-07-04 22:26:16,2024-07-05 17:15:58,Neversea 221,-100.00,0.00,RON,COMPLETED,1441.33
Transfer,Current,2024-07-05 20:46:59,2024-07-05 20:47:00,Revolut Bank UAB,21.00,0.00,RON,COMPLETED,1462.33
Transfer,Current,2024-07-06 04:08:35,2024-07-06 04:08:35,Revolut Bank UAB,-50.00,0.00,RON,COMPLETED,1412.33
Card Payment,Current,2024-07-04 13:05:39,2024-07-06 04:37:45,CFR Călători,-5.50,0.00,RON,COMPLETED,1406.83
Card Payment,Current,2024-07-04 14:39:59,2024-07-06 04:37:49,CFR Călători,-10.50,0.00,RON,COMPLETED,1396.33
Card Payment,Current,2024-07-05 20:43:56,2024-07-06 04:39:16,MKN Dual Modern,-35.00,0.00,RON,COMPLETED,1361.33
Card Payment,Current,2024-07-05 15:12:35,2024-07-06 04:40:23,Avanti Junior Srl,-24.00,0.00,RON,COMPLETED,1337.33
Card Payment,Current,2024-07-04 19:37:52,2024-07-06 04:43:39,CT BUS,-2.50,0.00,RON,COMPLETED,1334.83
Card Payment,Current,2024-07-05 13:41:33,2024-07-06 07:50:47,McDonald's,-26.50,0.00,RON,COMPLETED,1308.33
Transfer,Current,2024-07-06 14:59:58,2024-07-06 15:01:09,To stefan caradeanu,-80.00,0.00,RON,COMPLETED,1228.33
Card Payment,Current,2024-07-04 23:54:50,2024-07-06 19:13:18,Neversea 241,-100.00,0.00,RON,COMPLETED,1128.33
Card Payment,Current,2024-07-05 04:02:14,2024-07-06 22:42:12,Profi,-23.83,0.00,RON,COMPLETED,1104.50
Card Payment,Current,2024-07-05 20:41:55,2024-07-06 22:43:04,Profi,-59.53,0.00,RON,COMPLETED,1044.97
Transfer,Current,2024-07-07 04:02:18,2024-07-07 04:02:19,Revolut Bank UAB,-30.00,0.00,RON,COMPLETED,1014.97
Transfer,Current,2024-07-07 04:08:37,2024-07-07 04:08:37,Revolut Bank UAB,-20.00,0.00,RON,COMPLETED,994.97
Card Payment,Current,2024-07-05 22:52:07,2024-07-07 17:52:36,Neversea 225,-100.00,0.00,RON,COMPLETED,894.97
Transfer,Current,2024-07-07 19:36:37,2024-07-07 19:36:37,Revolut Bank UAB,36.00,0.00,RON,COMPLETED,930.97
Card Payment,Current,2024-07-06 18:31:46,2024-07-07 20:37:56,Profi,-37.77,0.00,RON,COMPLETED,893.20
Card Payment,Current,2024-07-06 15:28:11,2024-07-07 20:38:03,Profi,-49.65,0.00,RON,COMPLETED,843.55
Card Payment,Current,2024-07-07 16:06:39,2024-07-08 04:49:17,Pizza Hut,-50.00,0.00,RON,COMPLETED,793.55
Card Payment,Current,2024-07-07 00:05:46,2024-07-08 18:31:55,Neversea 233,-70.00,0.00,RON,COMPLETED,723.55
Card Payment,Current,2024-07-07 03:02:22,2024-07-08 18:32:04,Neversea 247,-50.00,0.00,RON,COMPLETED,673.55
Transfer,Current,2024-07-08 19:29:54,2024-07-08 19:29:54,Revolut Bank UAB,-40.00,0.00,RON,COMPLETED,633.55
Card Payment,Current,2024-07-07 20:10:49,2024-07-08 21:26:39,Profi,-52.83,0.00,RON,COMPLETED,580.72
Card Payment,Current,2024-07-07 23:23:25,2024-07-08 21:35:46,MKN Dual Modern,-15.00,0.00,RON,COMPLETED,565.72
Card Payment,Current,2024-07-07 18:45:33,2024-07-08 21:36:02,One Premium Serv,-20.00,0.00,RON,COMPLETED,545.72
Card Payment,Current,2024-07-05 23:29:31,2024-07-09 04:42:59,Ana Modern,-37.00,0.00,RON,COMPLETED,508.72
Card Payment,Current,2024-07-06 03:24:28,2024-07-09 04:43:01,Ana Modern,-8.00,0.00,RON,COMPLETED,500.72
Card Payment,Current,2024-07-08 13:26:14,2024-07-09 07:41:13,McDonald's,-18.00,0.00,RON,COMPLETED,482.72
Card Payment,Current,2024-07-08 03:08:07,2024-07-09 17:14:36,Neversea 238,-30.00,0.00,RON,COMPLETED,452.72
Card Payment,Current,2024-07-08 15:40:35,2024-07-09 23:11:14,RomPetrol,-30.30,0.00,RON,COMPLETED,422.42
Card Payment,Current,2024-07-08 13:54:45,2024-07-09 23:11:37,Inmedio,-6.49,0.00,RON,COMPLETED,415.93
Card Payment,Current,2024-07-08 13:32:02,2024-07-09 23:11:42,Chopstix,-25.49,0.00,RON,COMPLETED,390.44
Card Payment,Current,2024-07-09 15:39:50,2024-07-10 07:45:47,Mega Image,-5.19,0.00,RON,COMPLETED,385.25
Card Payment,Current,2024-07-09 22:23:03,2024-07-10 17:05:14,Lime,-7.42,0.00,RON,COMPLETED,377.83
Card Payment,Current,2024-07-09 22:23:42,2024-07-10 21:09:56,Metro Food & Com,-22.00,0.00,RON,COMPLETED,355.83
Card Payment,Current,2024-07-11 18:33:50,2024-07-12 18:39:20,Profi,-22.00,0.00,RON,COMPLETED,333.83
Card Payment,Current,2024-07-13 01:56:00,2024-07-14 04:36:35,Pop events,-50.00,0.00,RON,COMPLETED,283.83
Card Payment,Current,2024-07-12 21:49:07,2024-07-14 04:36:41,Pop events,-100.00,0.00,RON,COMPLETED,183.83
Card Payment,Current,2024-07-13 17:00:20,2024-07-14 21:33:10,Darmat Partners,-11.00,0.00,RON,COMPLETED,172.83
Card Payment,Current,2024-07-13 16:50:10,2024-07-15 17:52:48,Red Kitchen Srl,-29.00,0.00,RON,COMPLETED,143.83
Card Payment,Current,2024-07-14 22:10:40,2024-07-15 20:40:47,Babylon Food Delivery Srl,-22.00,0.00,RON,COMPLETED,121.83
Card Payment,Current,2024-07-14 22:10:22,2024-07-15 20:40:54,Babylon Food Delivery Srl,-29.00,0.00,RON,COMPLETED,92.83
Card Payment,Current,2024-07-14 22:04:51,2024-07-15 20:41:10,C N Best Team Srl,-30.00,0.00,RON,COMPLETED,62.83
Card Payment,Current,2024-07-14 23:47:48,2024-07-15 20:41:59,Pop events,-50.00,0.00,RON,COMPLETED,12.83
Card Payment,Current,2024-07-14 22:48:31,2024-07-16 05:06:46,Fresh Estival Activ Srl,-6.00,0.00,RON,COMPLETED,6.83
Transfer,Current,2024-07-18 13:56:08,2024-07-18 13:56:08,Pocket Withdrawal,150.00,0.00,RON,COMPLETED,156.83
Transfer,Current,2024-07-18 17:02:51,2024-07-18 17:02:51,Pocket Withdrawal,140.00,0.00,RON,COMPLETED,296.83
Card Payment,Current,2024-07-18 17:03:02,2024-07-19 07:53:34,Flanco,-139.73,0.00,RON,COMPLETED,157.10
Card Payment,Current,2024-07-18 14:00:47,2024-07-19 15:39:01,Sp Ovf,-147.00,0.00,RON,COMPLETED,10.10
Transfer,Current,2024-07-22 10:09:03,2024-07-22 10:09:03,Pocket Withdrawal,10.00,0.00,RON,COMPLETED,20.10
Transfer,Current,2024-07-22 10:09:09,2024-07-22 10:09:09,Pocket Withdrawal,150.00,0.00,RON,COMPLETED,170.10
Topup,Current,2024-07-22 10:12:11,2024-07-22 10:12:12,Payment from MOLDOVAN MARIAELENA,250.00,0.00,RON,COMPLETED,420.10
Transfer,Current,2024-07-22 19:39:57,2024-07-22 19:39:57,Revolut Bank UAB,-3.00,0.00,RON,COMPLETED,417.10
Card Payment,Current,2024-07-22 10:48:20,2024-07-23 04:43:03,Dinu Auto Total,-400.00,0.00,RON,COMPLETED,17.10
Transfer,Current,2024-07-26 21:23:28,2024-07-26 21:23:28,Pocket Withdrawal,100.00,0.00,RON,COMPLETED,117.10
Card Payment,Current,2024-07-26 21:23:49,2024-07-27 15:12:49,Superbet,-112.25,0.00,RON,COMPLETED,4.85
Transfer,Current,2024-07-27 19:37:45,2024-07-27 19:37:45,Pocket Withdrawal,50.00,0.00,RON,COMPLETED,54.85
Card Payment,Current,2024-07-27 23:08:20,2024-07-29 17:28:08,Profi,-3.49,0.00,RON,COMPLETED,51.36
Card Payment,Current,2024-07-27 23:10:34,2024-07-30 04:54:41,Metrorex,-3.00,0.00,RON,COMPLETED,48.36
Card Payment,Current,2024-07-30 17:41:21,2024-07-31 04:42:22,MM Partners Pub,-45.00,0.00,RON,COMPLETED,3.36
Transfer,Current,2024-08-02 20:24:05,2024-08-02 20:24:05,Revolut Bank UAB,14.00,0.00,RON,COMPLETED,17.36
Card Payment,Current,2024-08-03 21:17:44,2024-08-04 07:49:37,MM Partners Pub,-13.50,0.00,RON,COMPLETED,3.86
Transfer,Current,2024-08-04 20:52:11,2024-08-04 20:52:11,Revolut Bank UAB,5.00,0.00,RON,COMPLETED,8.86
Transfer,Current,2024-08-04 21:49:53,2024-08-04 21:49:53,Revolut Bank UAB,6.00,0.00,RON,COMPLETED,14.86
Card Payment,Current,2024-08-04 21:52:30,2024-08-05 16:41:10,Altfel,-14.00,0.00,RON,COMPLETED,0.86
Transfer,Current,2024-08-10 18:43:00,2024-08-10 18:43:00,Revolut Bank UAB,26.00,0.00,RON,COMPLETED,26.86
Card Payment,Current,2024-08-14 14:47:04,2024-08-15 14:50:43,Uber,-22.70,0.00,RON,COMPLETED,4.16
Card Payment,Current,2024-08-14 14:39:37,2024-08-15 16:11:40,Imperiul Festinului,-4.00,0.00,RON,COMPLETED,0.16
Transfer,Current,2024-08-20 22:18:21,2024-08-20 22:18:21,Revolut Bank UAB,110.00,0.00,RON,COMPLETED,110.16
Card Payment,Current,2024-08-20 22:20:22,2024-08-21 17:17:04,CFR Călători,-103.50,0.00,RON,COMPLETED,6.66
Transfer,Current,2024-08-30 17:57:53,2024-08-30 17:57:53,Revolut Bank UAB,27.24,0.00,RON,COMPLETED,33.90
Transfer,Current,2024-08-31 15:21:10,2024-08-31 15:21:10,Revolut Bank UAB,-33.90,0.00,RON,COMPLETED,0.00
Transfer,Current,2024-09-03 14:43:56,2024-09-03 14:43:56,Revolut Bank UAB,5.00,0.00,RON,COMPLETED,5.00
Transfer,Current,2024-09-03 14:48:42,2024-09-03 14:48:42,Revolut Bank UAB,95.00,0.00,RON,COMPLETED,100.00
Transfer,Current,2024-09-03 16:49:25,2024-09-03 16:49:25,Revolut Bank UAB,100.00,0.00,RON,COMPLETED,200.00
Transfer,Current,2024-09-03 16:51:46,2024-09-03 16:53:11,To Bomboe Alexandru,-200.00,0.00,RON,COMPLETED,0.00
Transfer,Current,2024-09-07 15:34:35,2024-09-07 15:34:36,Revolut Bank UAB,23.00,0.00,RON,COMPLETED,23.00
Transfer,Current,2024-09-07 15:34:40,2024-09-07 15:34:40,Revolut Bank UAB,23.00,0.00,RON,COMPLETED,46.00
Transfer,Current,2024-09-07 21:02:40,2024-09-07 21:02:40,Revolut Bank UAB,-20.00,0.00,RON,COMPLETED,26.00
Topup,Current,2024-09-07 21:03:24,2024-09-07 21:03:25,Payment from VLAD COSTIN BOMBOE,10.00,0.00,RON,COMPLETED,36.00
Transfer,Current,2024-09-09 11:48:39,2024-09-09 11:48:39,Revolut Bank UAB,7.80,0.00,RON,COMPLETED,43.80
Transfer,Current,2024-09-09 12:59:31,2024-09-09 12:59:32,Revolut Bank UAB,7.00,0.00,RON,COMPLETED,50.80
Transfer,Current,2024-09-09 12:59:46,2024-09-09 12:59:46,Revolut Bank UAB,7.00,0.00,RON,COMPLETED,57.80
Card Payment,Current,2024-09-08 02:35:23,2024-09-09 15:54:04,Market Summer,-26.00,0.00,RON,COMPLETED,31.80
Transfer,Current,2024-09-09 21:59:56,2024-09-09 21:59:56,Revolut Bank UAB,808.10,0.00,RON,COMPLETED,839.90
Transfer,Current,2024-09-09 22:00:50,2024-09-09 22:00:50,To pocket RON iexamen from RON,-300.00,0.00,RON,COMPLETED,539.90
Transfer,Current,2024-09-10 10:22:50,2024-09-10 10:22:50,Revolut Bank UAB,-22.00,0.00,RON,COMPLETED,517.90
Transfer,Current,2024-09-10 10:26:25,2024-09-10 10:26:25,Revolut Bank UAB,22.00,0.00,RON,COMPLETED,539.90
Transfer,Current,2024-09-10 11:32:25,2024-09-10 11:32:25,Revolut Bank UAB,-22.00,0.00,RON,COMPLETED,517.90
Transfer,Current,2024-09-10 11:49:56,2024-09-10 11:49:57,Revolut Bank UAB,-12.00,0.00,RON,COMPLETED,505.90
Card Payment,Current,2024-09-10 18:48:04,2024-09-11 07:43:54,Carrefour,-31.86,0.00,RON,COMPLETED,474.04
Card Payment,Current,2024-09-10 18:02:10,2024-09-11 07:44:19,McDonald's,-37.00,0.00,RON,COMPLETED,437.04
Transfer,Current,2024-09-11 09:40:58,2024-09-11 09:40:58,Revolut Bank UAB,-5.00,0.00,RON,COMPLETED,432.04
Card Payment,Current,2024-09-10 19:15:24,2024-09-11 14:33:59,Uber,-17.52,0.00,RON,COMPLETED,414.52
Card Payment,Current,2024-09-11 13:34:25,2024-09-12 07:30:31,Mega Image,-7.49,0.00,RON,COMPLETED,407.03
Card Payment,Current,2024-09-11 08:03:50,2024-09-12 07:30:48,Mega Image,-29.19,0.00,RON,COMPLETED,377.84
Transfer,Current,2024-09-12 18:42:03,2024-09-12 18:42:03,Revolut Bank UAB,-0.25,0.00,RON,COMPLETED,377.59
Topup,Current,2024-09-12 18:42:29,2024-09-12 18:42:30,Apple Pay top-up by *1781,880.00,0.00,RON,COMPLETED,1257.59
Card Payment,Current,2024-09-12 12:31:23,2024-09-13 07:43:59,Mega Image,-47.00,0.00,RON,COMPLETED,1210.59
Card Payment,Current,2024-09-12 11:32:38,2024-09-13 07:44:01,Mega Image,-6.89,0.00,RON,COMPLETED,1203.70
Transfer,Current,2024-09-13 15:28:07,2024-09-13 15:28:07,Revolut Bank UAB,-60.00,0.00,RON,COMPLETED,1143.70
Card Payment,Current,2024-09-13 14:08:40,2024-09-14 04:49:28,Bolt,-5.94,0.00,RON,COMPLETED,1137.76
Card Payment,Current,2024-09-13 08:02:15,2024-09-14 07:36:32,Mega Image,-7.28,0.00,RON,COMPLETED,1130.48
Card Payment,Current,2024-09-13 10:18:52,2024-09-14 07:36:37,Mega Image,-6.49,0.00,RON,COMPLETED,1123.99
Card Payment,Current,2024-09-13 13:39:06,2024-09-14 07:36:40,Mega Image,-21.77,0.00,RON,COMPLETED,1102.22
Card Payment,Current,2024-09-13 22:11:43,2024-09-14 07:36:50,Mega Image,-7.98,0.00,RON,COMPLETED,1094.24
Card Payment,Current,2024-09-13 16:05:20,2024-09-14 07:37:07,Mega Image,-7.38,0.00,RON,COMPLETED,1086.86
Card Payment,Current,2024-09-13 20:22:19,2024-09-14 07:38:00,Integrate Lobby Sol Sr,-24.00,0.00,RON,COMPLETED,1062.86
Card Payment,Current,2024-09-13 10:21:52,2024-09-14 07:40:02,Ali Com Orient,-22.00,0.00,RON,COMPLETED,1040.86
Card Payment,Current,2024-09-13 19:56:47,2024-09-14 07:40:38,McDonald's,-21.00,0.00,RON,COMPLETED,1019.86
Card Payment,Current,2024-09-13 23:14:50,2024-09-14 14:48:05,Uber,-10.10,0.00,RON,COMPLETED,1009.76
Card Payment,Current,2024-09-13 08:05:42,2024-09-14 18:26:13,Multimat Mihalache,-14.00,0.00,RON,COMPLETED,995.76
Card Payment,Current,2024-09-14 13:53:03,2024-09-15 07:29:25,Curcubeului Market,-22.00,0.00,RON,COMPLETED,973.76
Card Payment,Current,2024-09-14 13:43:50,2024-09-15 18:10:36,eMAG,-69.99,0.00,RON,COMPLETED,903.77
Card Payment,Current,2024-09-15 19:27:02,,Uber,-13.09,0.00,RON,REVERTED,
Card Payment,Current,2024-09-15 09:09:57,2024-09-16 04:31:32,Pizza Luca,-9.49,0.00,RON,COMPLETED,894.28
Card Payment,Current,2024-09-15 19:35:29,2024-09-16 14:19:58,Uber,-17.85,0.00,RON,COMPLETED,876.43
Card Payment,Current,2024-09-15 19:21:15,2024-09-16 15:06:32,OMV,-31.49,0.00,RON,COMPLETED,844.94
Card Payment,Current,2024-09-16 07:29:55,2024-09-17 07:35:23,Mega Image,-3.39,0.00,RON,COMPLETED,841.55
Card Payment,Current,2024-09-16 10:09:33,2024-09-17 07:35:24,Mega Image,-37.78,0.00,RON,COMPLETED,803.77
Card Payment,Current,2024-09-16 06:15:11,2024-09-17 14:36:30,MOL,-22.00,0.00,RON,COMPLETED,781.77
Card Payment,Current,2024-09-16 19:31:05,2024-09-17 17:21:14,eMAG,-84.45,0.00,RON,COMPLETED,697.32
Transfer,Current,2024-09-18 16:50:30,2024-09-18 16:50:30,Revolut Bank UAB,100.00,0.00,RON,COMPLETED,797.32
Card Payment,Current,2024-09-17 18:07:59,2024-09-18 17:27:21,Metrorex,-3.00,0.00,RON,COMPLETED,794.32
Card Payment,Current,2024-09-17 17:17:14,2024-09-19 04:37:59,Il Maestro,-8.00,0.00,RON,COMPLETED,786.32
Card Payment,Current,2024-09-18 14:09:47,2024-09-19 07:46:04,Prăvălia cu Licori,-20.00,0.00,RON,COMPLETED,766.32
Topup,Current,2024-09-19 14:37:17,2024-09-19 14:37:17,Payment from TOADER LUCIAN MOLDOVAN,100.00,0.00,RON,COMPLETED,866.32
Card Payment,Current,2024-09-18 16:41:42,2024-09-19 17:13:08,Dr.Max,-69.99,0.00,RON,COMPLETED,796.33
Card Payment,Current,2024-09-19 12:59:09,2024-09-20 07:44:11,Mega Image,-5.29,0.00,RON,COMPLETED,791.04
Card Payment,Current,2024-09-19 12:55:02,2024-09-20 07:48:07,Orient Shaorma,-25.00,0.00,RON,COMPLETED,766.04
Card Payment,Current,2024-09-20 07:58:43,,Uber,-13.73,0.00,RON,REVERTED,
Transfer,Current,2024-09-20 11:33:04,2024-09-20 11:33:04,Revolut Bank UAB,-2.00,0.00,RON,COMPLETED,764.04
Topup,Current,2024-09-20 11:51:32,2024-09-20 11:51:33,Apple Pay top-up by *1781,300.00,0.00,RON,COMPLETED,1064.04
Transfer,Current,2024-09-20 11:52:09,2024-09-20 11:52:09,Revolut Bank UAB,-150.00,0.00,RON,COMPLETED,914.04
Transfer,Current,2024-09-20 19:54:11,2024-09-20 19:54:11,Revolut Bank UAB,-10.00,0.00,RON,COMPLETED,904.04
Card Payment,Current,2024-09-20 11:36:38,2024-09-21 17:12:38,Nova prompt,-5.00,0.00,RON,COMPLETED,899.04
Card Payment,Current,2024-09-21 13:49:25,2024-09-22 07:52:02,MM Partners Pub,-3.20,0.00,RON,COMPLETED,895.84
Card Payment,Current,2024-09-21 17:46:25,2024-09-22 18:16:14,eMAG,-688.00,0.00,RON,COMPLETED,207.84
Card Payment,Current,2024-09-21 20:03:28,2024-09-22 18:17:05,Profi,-34.20,0.00,RON,COMPLETED,173.64
Card Payment,Current,2024-09-23 11:26:56,2024-09-24 07:37:47,Mega Image,-3.99,0.00,RON,COMPLETED,169.65
Card Payment,Current,2024-09-23 08:39:22,2024-09-24 07:37:54,Mega Image,-2.99,0.00,RON,COMPLETED,166.66
Card Payment,Current,2024-09-23 11:59:13,2024-09-24 07:38:22,Mega Image,-7.00,0.00,RON,COMPLETED,159.66
Card Payment,Current,2024-09-24 10:30:23,2024-09-25 07:35:57,Mega Image,-6.79,0.00,RON,COMPLETED,152.87
Card Payment,Current,2024-09-24 07:52:36,2024-09-25 15:13:19,Cora,-4.00,0.00,RON,COMPLETED,148.87
Transfer,Current,2024-09-26 07:42:21,2024-09-26 07:42:21,Pocket Withdrawal,12.00,0.00,RON,COMPLETED,160.87
Transfer,Current,2024-09-26 07:43:12,2024-09-26 07:43:12,Revolut Bank UAB,-160.00,0.00,RON,COMPLETED,0.87
Transfer,Current,2024-09-27 20:10:25,2024-09-27 20:10:25,Revolut Bank UAB,8.00,0.00,RON,COMPLETED,8.87
Card Payment,Current,2024-09-28 10:26:58,2024-10-01 06:58:27,Metrorex,-3.00,0.00,RON,COMPLETED,5.87
Transfer,Current,2024-10-01 07:31:51,2024-10-01 07:31:51,Revolut Bank UAB,22.00,0.00,RON,COMPLETED,27.87
Transfer,Current,2024-10-03 07:54:51,2024-10-03 07:54:51,Revolut Bank UAB,16.00,0.00,RON,COMPLETED,43.87
Transfer,Current,2024-10-03 08:21:13,2024-10-03 08:21:13,Revolut Bank UAB,22.00,0.00,RON,COMPLETED,65.87
Transfer,Current,2024-10-03 10:46:14,2024-10-03 10:46:14,Pocket Withdrawal,288.00,0.00,RON,COMPLETED,353.87
Transfer,Current,2024-10-03 10:47:17,2024-10-03 10:49:04,To Razvan Mihai Pica,-250.00,0.00,RON,COMPLETED,103.87
Topup,Current,2024-10-05 18:17:05,2024-10-05 18:17:06,Apple Pay top-up by *1781,160.00,0.00,RON,COMPLETED,263.87
Transfer,Current,2024-10-05 18:18:24,2024-10-05 18:18:26,Revolut Bank UAB,-160.00,0.00,RON,COMPLETED,103.87
Topup,Current,2024-10-06 10:10:20,2024-10-06 10:10:21,Apple Pay top-up by *1781,160.00,0.00,RON,COMPLETED,263.87
Transfer,Current,2024-10-06 10:10:36,2024-10-06 10:10:36,Revolut Bank UAB,-160.00,0.00,RON,COMPLETED,103.87
Card Payment,Current,2024-10-05 21:16:42,2024-10-06 16:22:38,Altfel,-32.00,0.00,RON,COMPLETED,71.87
Card Payment,Current,2024-10-05 19:51:33,2024-10-06 20:34:40,Chopstix,-23.99,0.00,RON,COMPLETED,47.88
Card Payment,Current,2024-10-06 16:44:09,2024-10-07 08:52:13,Curcubeului Market,-22.00,0.00,RON,COMPLETED,25.88
Card Payment,Current,2024-10-07 12:30:21,2024-10-08 17:34:42,Profi,-12.88,0.00,RON,COMPLETED,13.00
Transfer,Current,2024-10-10 08:05:58,2024-10-10 08:05:58,Revolut Bank UAB,26.00,0.00,RON,COMPLETED,39.00
Transfer,Current,2024-10-10 12:21:00,2024-10-10 12:21:00,Revolut Bank UAB,5.00,0.00,RON,COMPLETED,44.00
Transfer,Current,2024-10-10 12:25:12,2024-10-10 12:25:12,Revolut Bank UAB,10.00,0.00,RON,COMPLETED,54.00
Card Payment,Current,2024-10-09 14:17:20,2024-10-10 17:24:29,PENNY,-6.99,0.00,RON,COMPLETED,47.01
Topup,Current,2024-10-12 19:06:53,2024-10-12 19:06:55,Apple Pay top-up by *1781,160.00,0.00,RON,COMPLETED,207.01
Transfer,Current,2024-10-12 19:07:59,2024-10-12 19:07:59,Revolut Bank UAB,-160.00,0.00,RON,COMPLETED,47.01
Card Payment,Current,2024-10-13 09:18:09,2024-10-13 14:38:52,Bolt,-11.90,0.00,RON,COMPLETED,35.11
Card Payment,Current,2024-10-13 08:53:13,2024-10-13 14:38:56,Bolt,-12.40,0.00,RON,COMPLETED,22.71
Transfer,Current,2024-10-14 09:31:34,2024-10-14 09:31:34,Revolut Bank UAB,8.00,0.00,RON,COMPLETED,30.71
Transfer,Current,2024-10-14 10:20:12,2024-10-14 10:20:12,Revolut Bank UAB,-8.00,0.00,RON,COMPLETED,22.71
Transfer,Current,2024-10-14 10:28:04,2024-10-14 10:28:05,Revolut Bank UAB,-11.00,0.00,RON,COMPLETED,11.71
Card Payment,Current,2024-10-13 09:45:02,2024-10-15 06:06:40,Metrorex,-3.00,0.00,RON,COMPLETED,8.71
Card Payment,Current,2024-10-13 09:44:26,2024-10-15 06:06:46,Metrorex,-3.00,0.00,RON,COMPLETED,5.71
Transfer,Current,2024-10-15 11:26:40,2024-10-15 11:26:41,Revolut Bank UAB,22.00,0.00,RON,COMPLETED,27.71
Transfer,Current,2024-10-15 11:28:16,2024-10-15 11:28:17,Revolut Bank UAB,4.00,0.00,RON,COMPLETED,31.71
Transfer,Current,2024-10-15 11:28:35,2024-10-15 11:28:35,Revolut Bank UAB,4.00,0.00,RON,COMPLETED,35.71
Card Payment,Current,2024-10-14 07:47:54,2024-10-15 18:47:08,Metrorex,-3.00,0.00,RON,COMPLETED,32.71
Transfer,Current,2024-10-15 22:00:02,2024-10-15 22:00:02,Revolut Bank UAB,-20.74,0.00,RON,COMPLETED,11.97
Transfer,Current,2024-10-16 06:44:28,2024-10-16 06:44:28,Revolut Bank UAB,20.74,0.00,RON,COMPLETED,32.71
Card Payment,Current,2024-10-15 11:31:33,2024-10-16 07:50:26,Mega Image,-11.97,0.00,RON,COMPLETED,20.74
Transfer,Current,2024-10-16 07:57:46,2024-10-16 07:57:46,Revolut Bank UAB,24.00,0.00,RON,COMPLETED,44.74
Transfer,Current,2024-10-16 12:12:33,2024-10-16 12:12:34,Revolut Bank UAB,3.00,0.00,RON,COMPLETED,47.74
Card Payment,Current,2024-10-16 07:58:39,2024-10-17 07:37:31,Mega Image,-44.00,0.00,RON,COMPLETED,3.74
Topup,Current,2024-10-19 19:31:19,2024-10-19 19:31:20,Apple Pay top-up by *1781,160.00,0.00,RON,COMPLETED,163.74
Transfer,Current,2024-10-19 19:31:39,2024-10-19 19:31:39,Revolut Bank UAB,-160.00,0.00,RON,COMPLETED,3.74
Card Payment,Current,2024-10-18 14:50:18,2024-10-22 04:58:24,Metrorex,-3.00,0.00,RON,COMPLETED,0.74
Topup,Current,2024-10-22 11:35:23,2024-10-22 11:35:24,Apple Pay top-up by *1781,60.00,0.00,RON,COMPLETED,60.74
Transfer,Current,2024-10-22 11:35:38,2024-10-22 11:35:38,Revolut Bank UAB,-22.00,0.00,RON,COMPLETED,38.74
Transfer,Current,2024-10-23 08:17:27,2024-10-23 08:17:27,Revolut Bank UAB,5.50,0.00,RON,COMPLETED,44.24
Transfer,Current,2024-10-23 08:17:42,2024-10-23 08:17:42,Revolut Bank UAB,1.00,0.00,RON,COMPLETED,45.24
Card Payment,Current,2024-10-23 08:17:24,2024-10-24 07:39:42,Mega Image,-11.18,0.00,RON,COMPLETED,34.06
Transfer,Current,2024-10-24 18:51:33,2024-10-24 18:51:33,Revolut Bank UAB,100.00,0.00,RON,COMPLETED,134.06
Transfer,Current,2024-10-24 19:13:38,2024-10-24 19:13:38,Revolut Bank UAB,150.00,0.00,RON,COMPLETED,284.06
Card Payment,Current,2024-10-24 19:24:24,2024-10-25 07:41:16,Carrefour,-14.90,0.00,RON,COMPLETED,269.16
Card Payment,Current,2024-10-24 19:15:12,2024-10-25 07:41:42,Sephora,-132.00,0.00,RON,COMPLETED,137.16
Transfer,Current,2024-10-25 08:21:06,2024-10-25 08:21:06,Revolut Bank UAB,5.00,0.00,RON,COMPLETED,142.16
Card Payment,Current,2024-10-24 20:22:28,2024-10-26 05:05:08,ParkLake Shopping Center,-4.00,0.00,RON,COMPLETED,138.16
Card Payment,Current,2024-10-25 10:31:41,2024-10-26 07:47:12,Mega Image,-3.99,0.00,RON,COMPLETED,134.17
Card Payment,Current,2024-10-25 08:25:45,2024-10-26 07:47:12,Mega Image,-7.18,0.00,RON,COMPLETED,126.99
Card Payment,Current,2024-10-24 19:30:47,2024-10-26 07:53:50,Taco Bell,-20.50,0.00,RON,COMPLETED,106.49
Card Payment,Current,2024-10-26 17:27:29,2024-10-27 03:43:20,MM Partners Pub,-4.00,0.00,RON,COMPLETED,102.49
Card Payment,Current,2024-10-26 03:00:41,2024-10-27 06:48:42,Uber,-50.88,0.00,RON,COMPLETED,51.61
Transfer,Current,2024-10-27 14:54:11,2024-10-27 14:54:11,Revolut Bank UAB,-18.00,0.00,RON,COMPLETED,33.61
Topup,Current,2024-10-27 15:06:06,2024-10-27 15:06:08,Apple Pay top-up by *1781,160.00,0.00,RON,COMPLETED,193.61
Transfer,Current,2024-10-27 15:06:18,2024-10-27 15:06:18,Revolut Bank UAB,-160.00,0.00,RON,COMPLETED,33.61
Card Payment,Current,2024-10-26 17:53:09,2024-10-27 16:24:26,Profi,-8.89,0.00,RON,COMPLETED,24.72
Card Payment,Current,2024-10-27 18:59:08,2024-10-28 06:43:18,McDonald's,-10.50,0.00,RON,COMPLETED,14.22
Card Payment,Current,2024-10-26 16:22:48,2024-10-28 17:45:22,Amparcat.ro,-1.20,0.00,RON,COMPLETED,13.02
Card Payment,Current,2024-10-28 17:05:52,2024-10-29 06:40:20,Mobilitate urbana,-1.00,0.00,RON,COMPLETED,12.02
Transfer,Current,2024-10-30 23:03:19,2024-10-30 23:03:19,Revolut Bank UAB,10.00,0.00,RON,COMPLETED,22.02
Topup,Current,2024-11-03 18:51:45,2024-11-03 18:51:47,Apple Pay top-up by *1781,160.00,0.00,RON,COMPLETED,182.02
Transfer,Current,2024-11-03 18:52:11,2024-11-03 18:52:11,Revolut Bank UAB,-160.00,0.00,RON,COMPLETED,22.02
Transfer,Current,2024-11-04 11:59:25,2024-11-04 11:59:25,Revolut Bank UAB,22.00,0.00,RON,COMPLETED,44.02
Transfer,Current,2024-11-06 09:33:42,2024-11-06 09:33:43,Revolut Bank UAB,-22.00,0.00,RON,COMPLETED,22.02
Transfer,Current,2024-11-07 12:22:25,2024-11-07 12:22:25,Revolut Bank UAB,1000.00,0.00,RON,COMPLETED,1022.02
Transfer,Current,2024-11-07 13:00:51,2024-11-07 13:00:51,Revolut Bank UAB,-2.50,0.00,RON,COMPLETED,1019.52
Card Payment,Current,2024-11-07 13:24:15,2024-11-08 07:48:48,Mega Image,-5.69,0.00,RON,COMPLETED,1013.83
Card Payment,Current,2024-11-07 13:22:18,2024-11-08 07:54:04,Orient Shaorma,-29.00,0.00,RON,COMPLETED,984.83
Card Payment,Current,2024-11-08 14:32:53,2024-11-09 07:46:15,Mega Image,-11.00,0.00,RON,COMPLETED,973.83
Card Payment,Current,2024-11-08 10:35:35,2024-11-09 07:46:19,Mega Image,-8.99,0.00,RON,COMPLETED,964.84
Card Payment,Current,2024-11-08 20:58:55,2024-11-09 17:23:21,Casa Natural Prod,-11.00,0.00,RON,COMPLETED,953.84
Card Payment,Current,2024-11-08 19:41:31,2024-11-09 17:23:25,Casa Natural Prod,-14.00,0.00,RON,COMPLETED,939.84
Card Payment,Current,2024-11-09 13:53:30,2024-11-10 07:34:41,Curcubeului Market,-22.00,0.00,RON,COMPLETED,917.84
Card Payment,Current,2024-11-09 18:28:49,2024-11-10 07:38:57,Carrefour,-4.65,0.00,RON,COMPLETED,913.19
Topup,Current,2024-11-10 16:38:25,2024-11-10 16:38:26,Apple Pay top-up by *1781,160.00,0.00,RON,COMPLETED,1073.19
Transfer,Current,2024-11-10 16:38:52,2024-11-10 16:38:53,Revolut Bank UAB,-160.00,0.00,RON,COMPLETED,913.19
Card Payment,Current,2024-11-09 18:18:29,2024-11-11 08:01:41,Zara,-280.40,0.00,RON,COMPLETED,632.79
Card Payment,Current,2024-11-10 15:18:12,2024-11-12 05:02:18,Klarna,-30.00,0.00,RON,COMPLETED,602.79
Card Payment,Current,2024-11-13 11:41:42,,Abonamente Săli,-219.00,0.00,RON,REVERTED,
Card Payment,Current,2024-11-12 15:11:42,2024-11-13 15:36:39,MOL,-22.00,0.00,RON,COMPLETED,580.79
Card Payment,Current,2024-11-12 17:47:38,2024-11-13 17:35:40,PENNY,-9.87,0.00,RON,COMPLETED,570.92
Card Payment,Current,2024-11-13 18:11:09,2024-11-14 15:59:51,Lidl,-1.99,0.00,RON,COMPLETED,568.93
Card Payment,Current,2024-11-14 13:19:39,2024-11-15 07:44:31,Mega Image,-4.79,0.00,RON,COMPLETED,564.14
Card Payment,Current,2024-11-14 08:02:17,2024-11-15 07:48:53,Ali Com Orient,-26.00,0.00,RON,COMPLETED,538.14
Transfer,Current,2024-11-15 10:31:24,2024-11-15 10:31:24,Revolut Bank UAB,22.00,0.00,RON,COMPLETED,560.14
Topup,Current,2024-11-15 11:21:35,2024-11-15 11:21:36,Apple Pay top-up by *1781,160.00,0.00,RON,COMPLETED,720.14
Transfer,Current,2024-11-15 11:21:54,2024-11-15 11:21:54,Revolut Bank UAB,-160.00,0.00,RON,COMPLETED,560.14
Card Payment,Current,2024-11-15 10:33:05,2024-11-16 07:40:16,Mega Image,-44.00,0.00,RON,COMPLETED,516.14
Card Payment,Current,2024-11-15 12:01:48,2024-11-16 07:47:19,ParkLake Shopping Center,-35.00,0.00,RON,COMPLETED,481.14
Topup,Current,2024-11-17 20:28:44,2024-11-17 20:28:45,Apple Pay top-up by *1781,160.00,0.00,RON,COMPLETED,641.14
Transfer,Current,2024-11-17 20:29:10,2024-11-17 20:29:10,Revolut Bank UAB,-160.00,0.00,RON,COMPLETED,481.14
Card Payment,Current,2024-11-17 13:29:40,2024-11-18 04:42:45,Spalatorie Auto Alexander,-6.66,0.00,RON,COMPLETED,474.48
Card Payment,Current,2024-11-16 23:42:47,2024-11-18 17:49:06,Amparcat.ro,-6.00,0.00,RON,COMPLETED,468.48
Card Payment,Current,2024-11-15 07:30:03,2024-11-19 08:46:31,Metrorex,-3.00,0.00,RON,COMPLETED,465.48
Card Payment,Current,2024-11-15 07:29:55,2024-11-19 08:46:32,Metrorex,-3.00,0.00,RON,COMPLETED,462.48
Card Payment,Current,2024-11-19 14:18:11,2024-11-20 05:51:22,Starbucks,-40.00,0.00,RON,COMPLETED,422.48
Card Payment,Current,2024-11-20 10:40:54,2024-11-20 17:42:49,Froo,-4.99,0.00,RON,COMPLETED,417.49
Card Payment,Current,2024-11-19 07:04:24,2024-11-21 05:53:29,Metrorex,-3.00,0.00,RON,COMPLETED,414.49
Card Payment,Current,2024-11-19 16:01:31,2024-11-21 05:53:38,Metrorex,-3.00,0.00,RON,COMPLETED,411.49
Card Payment,Current,2024-11-20 07:39:46,2024-11-21 18:36:36,Metrorex,-3.00,0.00,RON,COMPLETED,408.49
Card Payment,Current,2024-11-20 07:40:09,2024-11-21 18:36:39,Metrorex,-3.00,0.00,RON,COMPLETED,405.49
Card Payment,Current,2024-11-21 08:30:20,2024-11-22 07:39:25,Mega Image,-2.29,0.00,RON,COMPLETED,403.20
Card Payment,Current,2024-11-21 10:17:02,2024-11-22 07:39:30,Mega Image,-2.49,0.00,RON,COMPLETED,400.71
Card Payment,Current,2024-11-22 10:37:56,2024-11-22 18:29:57,Froo,-11.88,0.00,RON,COMPLETED,388.83
Card Payment,Current,2024-11-21 19:49:23,2024-11-22 18:32:07,Metrorex,-3.00,0.00,RON,COMPLETED,385.83
Transfer,Current,2024-11-22 19:53:26,2024-11-22 19:53:26,Revolut Bank UAB,20.00,0.00,RON,COMPLETED,405.83
Card Payment,Current,2024-11-22 23:57:08,,Uber,-13.57,0.00,RON,REVERTED,
Card Payment,Current,2024-11-22 12:50:56,2024-11-23 07:52:23,Image Photo Production,-1.50,0.00,RON,COMPLETED,404.33
Card Payment,Current,2024-11-23 00:00:42,2024-11-23 08:03:22,Bolt,-11.70,0.00,RON,COMPLETED,392.63
Topup,Current,2024-11-23 18:20:39,2024-11-23 18:20:40,Apple Pay top-up by *1781,160.00,0.00,RON,COMPLETED,552.63
Transfer,Current,2024-11-23 18:20:58,2024-11-23 18:20:58,Revolut Bank UAB,-160.00,0.00,RON,COMPLETED,392.63
Card Payment,Current,2024-11-23 12:03:34,2024-11-23 18:41:23,Froo,-20.47,0.00,RON,COMPLETED,372.16
Card Payment,Current,2024-11-24 18:06:11,2024-11-26 04:48:49,Kfc,-13.00,0.00,RON,COMPLETED,359.16
Card Payment,Current,2024-11-24 17:51:55,2024-11-26 04:48:59,Kfc,-10.50,0.00,RON,COMPLETED,348.66
Card Payment,Current,2024-11-22 14:49:24,2024-11-26 05:02:40,Metrorex,-3.00,0.00,RON,COMPLETED,345.66
Card Payment,Current,2024-11-22 20:10:39,2024-11-26 05:02:55,Metrorex,-3.00,0.00,RON,COMPLETED,342.66
Card Payment,Current,2024-11-25 09:28:37,2024-11-26 07:35:48,Mega Image,-7.48,0.00,RON,COMPLETED,335.18
Transfer,Current,2024-11-26 09:24:09,2024-11-26 09:24:09,Revolut Bank UAB,-22.00,0.00,RON,COMPLETED,313.18
Card Payment,Current,2024-11-26 11:32:55,2024-11-27 07:43:34,Mega Image,-3.99,0.00,RON,COMPLETED,309.19
Transfer,Current,2024-11-27 08:23:15,2024-11-27 08:23:15,Revolut Bank UAB,22.00,0.00,RON,COMPLETED,331.19
Transfer,Current,2024-11-27 09:29:09,2024-11-27 09:29:09,Revolut Bank UAB,-10.00,0.00,RON,COMPLETED,321.19
Card Payment,Current,2024-11-27 08:23:50,2024-11-27 16:35:14,Froo,-21.99,0.00,RON,COMPLETED,299.20
Transfer,Current,2024-11-29 15:16:51,2024-11-29 15:16:51,Revolut Bank UAB,400.00,0.00,RON,COMPLETED,699.20
Card Payment,Current,2024-11-29 18:18:40,2024-11-30 18:16:37,PENNY,-31.22,0.00,RON,COMPLETED,667.98
Card Payment,Current,2024-11-29 16:10:14,2024-11-30 18:17:42,Zara,-350.40,0.00,RON,COMPLETED,317.58
Card Payment,Current,2024-11-29 15:10:02,2024-11-30 18:17:46,Inmedio,-8.00,0.00,RON,COMPLETED,309.58
Card Payment,Current,2024-11-29 16:33:47,2024-11-30 18:17:46,Inmedio,-6.00,0.00,RON,COMPLETED,303.58
Topup,Current,2024-11-30 21:15:58,2024-11-30 21:16:00,Apple Pay top-up by *1781,160.00,0.00,RON,COMPLETED,463.58
Transfer,Current,2024-11-30 21:16:15,2024-11-30 21:16:15,Revolut Bank UAB,-160.00,0.00,RON,COMPLETED,303.58
Card Payment,Current,2024-11-30 14:01:26,2024-12-01 05:48:14,MM Partners Pub,-3.00,0.00,RON,COMPLETED,300.58
Card Payment,Current,2024-12-02 11:33:19,2024-12-02 18:54:38,Froo,-9.68,0.00,RON,COMPLETED,290.90
Card Payment,Current,2024-12-02 14:26:38,2024-12-03 05:03:10,Bolt,-3.86,0.00,RON,COMPLETED,287.04
Card Payment,Current,2024-11-29 07:44:09,2024-12-03 05:11:54,Metrorex,-3.00,0.00,RON,COMPLETED,284.04
Card Payment,Current,2024-12-02 08:12:21,2024-12-03 07:33:58,Mega Image,-22.00,0.00,RON,COMPLETED,262.04
Card Payment,Current,2024-12-02 16:05:44,2024-12-03 07:34:40,Stand Up BarberShop,-10.00,0.00,RON,COMPLETED,252.04
Transfer,Current,2024-12-03 11:33:13,2024-12-03 11:33:13,Revolut Bank UAB,-4.00,0.00,RON,COMPLETED,248.04
Card Payment,Current,2024-12-02 16:57:33,2024-12-03 18:53:39,Profi,-21.40,0.00,RON,COMPLETED,226.64
Card Payment,Current,2024-12-02 07:44:24,2024-12-03 19:18:52,Metrorex,-3.00,0.00,RON,COMPLETED,223.64
Card Payment,Current,2024-12-03 12:36:18,2024-12-04 06:42:07,Mega Image,-10.47,0.00,RON,COMPLETED,213.17
Transfer,Current,2024-12-04 10:23:35,2024-12-04 10:23:35,Revolut Bank UAB,1.00,0.00,RON,COMPLETED,214.17
Transfer,Current,2024-12-04 10:31:12,2024-12-04 10:31:12,Revolut Bank UAB,13.00,0.00,RON,COMPLETED,227.17
Card Payment,Current,2024-12-03 15:14:07,2024-12-04 18:14:11,Sdc Biruintei C0,-29.50,0.00,RON,COMPLETED,197.67
Card Payment,Current,2024-12-05 13:00:27,2024-12-06 07:36:47,Mega Image,-22.00,0.00,RON,COMPLETED,175.67
Transfer,Current,2024-12-06 20:30:02,2024-12-06 20:30:02,Revolut Bank UAB,150.00,0.00,RON,COMPLETED,325.67
Transfer,Current,2024-12-07 18:38:05,2024-12-07 18:52:04,To Razvan Mihai Pica,-150.00,0.00,RON,COMPLETED,175.67
Transfer,Current,2024-12-07 19:22:13,2024-12-07 19:22:13,Revolut Bank UAB,-22.00,0.00,RON,COMPLETED,153.67
Transfer,Current,2024-12-07 20:06:18,2024-12-07 20:08:12,To maia basalau,-40.00,0.00,RON,COMPLETED,113.67
Transfer,Current,2024-12-07 21:11:56,2024-12-07 21:11:56,Revolut Bank UAB,-20.00,0.00,RON,COMPLETED,93.67
Card Payment,Current,2024-12-07 19:21:59,2024-12-08 07:36:07,Mega Image,-7.09,0.00,RON,COMPLETED,86.58
Card Payment,Current,2024-12-08 00:04:13,2024-12-08 14:27:48,Uber,-47.12,0.00,RON,COMPLETED,39.46
Topup,Current,2024-12-08 22:53:24,2024-12-08 22:53:25,Apple Pay top-up by *1781,160.00,0.00,RON,COMPLETED,199.46
Transfer,Current,2024-12-08 22:54:05,2024-12-08 22:54:05,Revolut Bank UAB,-160.00,0.00,RON,COMPLETED,39.46
Card Payment,Current,2024-12-07 18:27:18,2024-12-10 06:09:55,Metrorex,-3.00,0.00,RON,COMPLETED,36.46
Card Payment,Current,2024-12-10 18:21:57,2024-12-11 07:52:09,Leroy Merlin,-19.90,0.00,RON,COMPLETED,16.56
Card Payment,Current,2024-12-10 07:53:42,2024-12-11 19:09:54,Metrorex,-3.00,0.00,RON,COMPLETED,13.56
Card Payment,Current,2024-12-10 13:52:50,2024-12-11 19:10:05,Metrorex,-3.00,0.00,RON,COMPLETED,10.56
Transfer,Current,2024-12-13 08:18:04,2024-12-13 08:18:04,Revolut Bank UAB,30.00,0.00,RON,COMPLETED,40.56
Card Payment,Current,2024-12-13 08:20:50,2024-12-14 07:47:57,Mega Image,-29.09,0.00,RON,COMPLETED,11.47
Topup,Current,2024-12-21 21:10:09,2024-12-21 21:10:10,Apple Pay top-up by *1781,160.00,0.00,RON,COMPLETED,171.47
Transfer,Current,2024-12-21 21:10:26,2024-12-21 21:10:26,Revolut Bank UAB,-160.00,0.00,RON,COMPLETED,11.47
Topup,Current,2024-12-27 17:47:32,2024-12-27 17:47:33,Apple Pay top-up by *1781,160.00,0.00,RON,COMPLETED,171.47
Transfer,Current,2024-12-27 17:47:49,2024-12-27 17:47:49,Revolut Bank UAB,-160.00,0.00,RON,COMPLETED,11.47
Transfer,Current,2024-12-29 13:25:27,2024-12-29 13:25:27,Revolut Bank UAB,-5.00,0.00,RON,COMPLETED,6.47
Topup,Current,2024-12-29 22:10:38,2024-12-29 22:10:39,Apple Pay top-up by *1781,160.00,0.00,RON,COMPLETED,166.47
Transfer,Current,2024-12-29 22:10:55,2024-12-29 22:10:55,Revolut Bank UAB,-160.00,0.00,RON,COMPLETED,6.47
Transfer,Current,2024-12-30 15:41:53,2024-12-30 15:41:54,Revolut Bank UAB,5.00,0.00,RON,COMPLETED,11.47
Card Payment,Current,2024-12-27 17:40:36,2024-12-30 17:16:47,Amparcat.ro,-1.20,0.00,RON,COMPLETED,10.27
Transfer,Current,2024-12-30 18:10:56,2024-12-30 18:10:56,Revolut Bank UAB,145.00,0.00,RON,COMPLETED,155.27
Card Payment,Current,2024-12-27 17:57:47,2024-12-31 06:05:43,Metrorex,-3.00,0.00,RON,COMPLETED,152.27
Transfer,Current,2025-01-01 13:41:01,2025-01-01 13:41:01,Revolut Bank UAB Vilnius Sucursala București,-145.00,0.00,RON,COMPLETED,7.27
Transfer,Current,2025-01-02 15:20:23,2025-01-02 15:20:23,Revolut Bank UAB,200.00,0.00,RON,COMPLETED,207.27
Transfer,Current,2025-01-02 15:33:39,2025-01-02 15:33:42,To Razvan Mihai Pica,-200.00,0.00,RON,COMPLETED,7.27
Topup,Current,2025-01-02 21:01:25,2025-01-02 21:01:26,Apple Pay top-up by *1781,200.00,0.00,RON,COMPLETED,207.27
Transfer,Current,2025-01-02 21:02:39,2025-01-02 21:02:39,Revolut Bank UAB,-200.00,0.00,RON,COMPLETED,7.27
Topup,Current,2025-01-04 01:29:54,2025-01-04 01:29:55,Apple Pay top-up by *1781,160.00,0.00,RON,COMPLETED,167.27
Transfer,Current,2025-01-04 01:30:10,2025-01-04 01:30:10,Revolut Bank UAB,-160.00,0.00,RON,COMPLETED,7.27
Topup,Current,2025-01-04 18:36:43,2025-01-04 18:36:44,Apple Pay top-up by *1781,160.00,0.00,RON,COMPLETED,167.27
Transfer,Current,2025-01-04 18:36:56,2025-01-04 18:36:57,Revolut Bank UAB,-160.00,0.00,RON,COMPLETED,7.27
Transfer,Current,2025-01-08 10:36:10,2025-01-08 10:36:10,Revolut Bank UAB,6.00,0.00,RON,COMPLETED,13.27
Transfer,Current,2025-01-10 19:29:26,2025-01-10 19:29:27,Revolut Bank UAB Vilnius Sucursala București,-10.00,0.00,RON,COMPLETED,3.27
Topup,Current,2025-01-11 20:57:20,2025-01-11 20:57:21,Apple Pay top-up by *1781,160.00,0.00,RON,COMPLETED,163.27
Transfer,Current,2025-01-11 20:57:39,2025-01-11 20:57:39,Revolut Bank UAB,-160.00,0.00,RON,COMPLETED,3.27
Topup,Current,2025-01-12 17:02:27,2025-01-12 17:02:28,Apple Pay top-up by *1781,160.00,0.00,RON,COMPLETED,163.27
Transfer,Current,2025-01-12 17:02:43,2025-01-12 17:02:43,Revolut Bank UAB,-160.00,0.00,RON,COMPLETED,3.27
Transfer,Current,2025-01-14 18:14:39,2025-01-14 18:14:39,Revolut Bank UAB,1.00,0.00,RON,COMPLETED,4.27
Transfer,Current,2025-01-14 18:14:45,2025-01-14 18:14:46,Revolut Bank UAB,16.00,0.00,RON,COMPLETED,20.27
Card Payment,Current,2025-01-15 18:40:28,2025-01-16 11:14:59,Lidl,-2.29,0.00,RON,COMPLETED,17.98
Topup,Current,2025-01-18 22:00:09,2025-01-18 22:00:10,Apple Pay top-up by *1781,160.00,0.00,RON,COMPLETED,177.98
Transfer,Current,2025-01-18 22:00:24,2025-01-18 22:00:24,Revolut Bank UAB,-160.00,0.00,RON,COMPLETED,17.98
Topup,Current,2025-01-19 17:18:33,2025-01-19 17:18:34,Apple Pay top-up by *1781,200.00,0.00,RON,COMPLETED,217.98
Transfer,Current,2025-01-19 17:19:17,2025-01-19 17:19:18,Revolut Bank UAB,-200.00,0.00,RON,COMPLETED,17.98
Card Payment,Current,2025-01-20 08:29:49,2025-01-21 07:49:37,Mega Image,-3.99,0.00,RON,COMPLETED,13.99
Topup,Current,2025-01-21 13:37:29,2025-01-21 13:37:30,Apple Pay top-up by *1781,70.00,0.00,RON,COMPLETED,83.99
Transfer,Current,2025-01-21 13:38:04,2025-01-21 13:38:05,Revolut Bank UAB,-70.00,0.00,RON,COMPLETED,13.99
Topup,Current,2025-01-24 22:40:26,2025-01-24 22:40:27,Apple Pay top-up by *1781,160.00,0.00,RON,COMPLETED,173.99
Transfer,Current,2025-01-24 22:41:02,2025-01-24 22:41:03,Revolut Bank UAB,-160.00,0.00,RON,COMPLETED,13.99
Topup,Current,2025-01-27 16:14:32,2025-01-27 16:14:33,Apple Pay top-up by *1781,160.00,0.00,RON,COMPLETED,173.99
Transfer,Current,2025-01-27 16:14:48,2025-01-27 16:14:48,Revolut Bank UAB,-160.00,0.00,RON,COMPLETED,13.99
Topup,Current,2025-01-27 22:14:16,2025-01-27 22:14:17,Apple Pay top-up by *1781,65.00,0.00,RON,COMPLETED,78.99
Transfer,Current,2025-01-27 22:16:20,2025-01-27 22:16:21,To David Adrian Grosu,-65.00,0.00,RON,COMPLETED,13.99
Topup,Current,2025-02-01 13:46:25,2025-02-01 13:46:26,Apple Pay top-up by *1781,160.00,0.00,RON,COMPLETED,173.99
Transfer,Current,2025-02-01 13:46:52,2025-02-01 13:46:53,Revolut Bank UAB,-160.00,0.00,RON,COMPLETED,13.99
Card Payment,Current,2025-02-01 15:50:21,2025-02-02 04:57:46,Simigeria Matei,-5.00,0.00,RON,COMPLETED,8.99
Card Payment,Current,2025-02-01 15:54:48,2025-02-02 07:13:20,Mega Image,-7.19,0.00,RON,COMPLETED,1.80
Card Payment,Current,2025-02-02 17:19:04,2025-02-03 18:05:20,Amparcat.ro,-1.20,0.00,RON,COMPLETED,0.60
Transfer,Current,2025-02-05 23:24:00,2025-02-05 23:24:00,Revolut Bank UAB,56.06,0.00,RON,COMPLETED,56.66
Transfer,Current,2025-02-06 09:46:31,2025-02-06 09:46:31,Revolut Bank UAB,4.00,0.00,RON,COMPLETED,60.66
Topup,Current,2025-02-08 20:47:19,2025-02-08 20:47:20,Apple Pay top-up by *1781,160.00,0.00,RON,COMPLETED,220.66
Transfer,Current,2025-02-08 20:47:35,2025-02-08 20:47:35,Revolut Bank UAB,-160.00,0.00,RON,COMPLETED,60.66
Topup,Current,2025-02-10 14:55:52,2025-02-10 14:55:53,Apple Pay top-up by *1781,160.00,0.00,RON,COMPLETED,220.66
Transfer,Current,2025-02-10 14:56:12,2025-02-10 14:56:13,Revolut Bank UAB,-160.00,0.00,RON,COMPLETED,60.66
Topup,Current,2025-02-11 14:02:21,2025-02-11 14:02:23,Apple Pay top-up by *1781,410.00,0.00,RON,COMPLETED,470.66
Card Payment,Current,2025-02-11 14:03:41,2025-02-12 17:21:06,AliExpress,-451.51,0.00,RON,COMPLETED,19.15
Rev Payment,Current,2025-02-15 12:04:49,2025-02-15 12:05:09,amparcat.ro*Otopeni,-1.20,0.00,RON,COMPLETED,17.95
Topup,Current,2025-02-15 13:32:32,2025-02-15 13:32:33,Apple Pay top-up by *1781,160.00,0.00,RON,COMPLETED,177.95
Transfer,Current,2025-02-15 13:32:49,2025-02-15 13:32:49,Revolut Bank UAB,-160.00,0.00,RON,COMPLETED,17.95
Transfer,Current,2025-02-18 12:44:35,2025-02-18 12:44:36,Revolut Bank UAB,140.00,0.00,RON,COMPLETED,157.95
Topup,Current,2025-02-18 12:45:09,2025-02-18 12:45:10,Apple Pay top-up by *1781,140.00,0.00,RON,COMPLETED,297.95
Transfer,Current,2025-02-19 21:52:31,2025-02-19 21:52:31,Revolut Bank UAB,400.00,0.00,RON,COMPLETED,697.95
Card Payment,Current,2025-02-19 15:25:10,2025-02-20 04:57:02,Kenos Life,-270.00,0.00,RON,COMPLETED,427.95
Transfer,Current,2025-02-21 20:28:51,2025-02-21 20:28:51,Revolut Bank UAB,150.00,0.00,RON,COMPLETED,577.95
Card Payment,Current,2025-02-21 08:39:57,2025-02-22 07:24:11,Carrefour,-12.07,0.00,RON,COMPLETED,565.88
Transfer,Current,2025-02-22 14:01:07,2025-02-22 14:01:08,Revolut Bank UAB,-160.00,0.00,RON,COMPLETED,405.88
Transfer,Current,2025-02-22 20:16:34,2025-02-22 20:16:35,Revolut Bank UAB,-8.00,0.00,RON,COMPLETED,397.88
Card Payment,Current,2025-02-22 17:33:07,2025-02-23 11:22:09,Carrefour,-22.99,0.00,RON,COMPLETED,374.89
Card Payment,Current,2025-02-22 18:36:23,2025-02-23 12:47:59,Casa Natural Prod,-15.00,0.00,RON,COMPLETED,359.89
Card Payment,Current,2025-02-22 19:37:54,2025-02-23 12:48:00,Casa Natural Prod,-19.00,0.00,RON,COMPLETED,340.89
Card Payment,Current,2025-02-23 17:36:45,2025-02-24 05:11:19,Mega Image,-23.00,0.00,RON,COMPLETED,317.89
Card Payment,Current,2025-02-23 17:02:56,2025-02-24 05:15:59,Free Spirit,-7.00,0.00,RON,COMPLETED,310.89
Card Payment,Current,2025-02-23 18:44:19,2025-02-24 05:16:03,dm drogerie,-25.95,0.00,RON,COMPLETED,284.94
Card Payment,Current,2025-02-24 09:28:51,2025-02-25 06:50:57,Mega Image,-7.37,0.00,RON,COMPLETED,277.57
Card Payment,Current,2025-02-24 18:39:07,2025-02-25 06:51:22,Mega Image,-23.00,0.00,RON,COMPLETED,254.57
Card Payment,Current,2025-02-24 11:58:44,2025-02-25 12:39:31,Cora,-2.99,0.00,RON,COMPLETED,251.58
Transfer,Current,2025-02-25 13:57:08,2025-02-25 13:57:08,Revolut Bank UAB,-160.00,0.00,RON,COMPLETED,91.58
Card Payment,Current,2025-02-24 11:49:48,2025-02-25 17:15:11,Multimat Mihalache,-8.50,0.00,RON,COMPLETED,83.08
Card Payment,Current,2025-02-25 11:34:42,2025-02-26 04:53:43,Multimat Impex,-10.00,0.00,RON,COMPLETED,73.08
Card Payment,Current,2025-02-25 11:36:19,2025-02-26 04:53:45,Multimat Impex,-3.50,0.00,RON,COMPLETED,69.58
Card Payment,Current,2025-02-24 07:53:59,2025-02-26 05:06:12,Metrorex,-5.00,0.00,RON,COMPLETED,64.58
Card Payment,Current,2025-02-27 09:17:36,2025-02-28 18:09:04,Profi,-23.00,0.00,RON,COMPLETED,41.58
Card Payment,Current,2025-02-28 10:36:03,2025-02-28 18:15:50,Froo,-4.99,0.00,RON,COMPLETED,36.59
Card Payment,Current,2025-02-28 11:17:25,2025-03-01 07:17:20,Mega Image,-3.49,0.00,RON,COMPLETED,33.10
Card Payment,Current,2025-02-28 14:58:35,2025-03-01 07:17:36,Mega Image,-11.47,0.00,RON,COMPLETED,21.63
Card Payment,Current,2025-02-28 08:19:42,2025-03-01 10:45:52,Cora,-5.50,0.00,RON,COMPLETED,16.13
Card Payment,Current,2025-03-01 18:55:03,2025-03-04 05:12:05,Amparcat.ro,-6.00,0.00,RON,COMPLETED,10.13
Transfer,Current,2025-03-07 21:10:54,2025-03-07 21:10:54,Revolut Bank UAB Vilnius Sucursala București,30.00,0.00,RON,COMPLETED,40.13
Card Payment,Current,2025-03-08 19:00:26,2025-03-09 04:44:22,Froo,-4.99,0.00,RON,COMPLETED,35.14
Card Payment,Current,2025-03-08 13:16:18,2025-03-09 07:09:24,Mega Image,-4.69,0.00,RON,COMPLETED,30.45
Topup,Current,2025-03-09 11:22:30,2025-03-09 11:22:31,Apple Pay top-up by *1781,160.00,0.00,RON,COMPLETED,190.45
Transfer,Current,2025-03-09 11:22:49,2025-03-09 11:22:49,Revolut Bank UAB,-160.00,0.00,RON,COMPLETED,30.45
Card Payment,Current,2025-03-08 19:37:19,2025-03-09 17:53:32,Profi,-17.97,0.00,RON,COMPLETED,12.48
Card Payment,Current,2025-03-10 11:11:20,2025-03-11 06:19:01,Mega Image,-3.89,0.00,RON,COMPLETED,8.59
Topup,Current,2025-03-14 10:10:50,2025-03-14 10:10:52,Apple Pay top-up by *1781,160.00,0.00,RON,COMPLETED,168.59
Transfer,Current,2025-03-14 10:11:07,2025-03-14 10:11:07,Revolut Bank UAB Vilnius Sucursala București,-160.00,0.00,RON,COMPLETED,8.59
Card Payment,Current,2025-03-15 09:26:57,2025-03-16 07:12:11,Eur Comtur,-4.50,0.00,RON,COMPLETED,4.09
Topup,Current,2025-03-22 12:10:55,2025-03-22 12:10:57,Apple Pay top-up by *1781,160.00,0.00,RON,COMPLETED,164.09
Transfer,Current,2025-03-22 12:11:14,2025-03-22 12:11:15,Revolut Bank UAB Vilnius Sucursala București,-160.00,0.00,RON,COMPLETED,4.09
Topup,Current,2025-03-28 13:37:17,2025-03-28 13:37:18,Apple Pay top-up by *1781,160.00,0.00,RON,COMPLETED,164.09
Transfer,Current,2025-03-28 13:37:33,2025-03-28 13:37:34,Revolut Bank UAB Vilnius Sucursala București,-160.00,0.00,RON,COMPLETED,4.09
Topup,Current,2025-04-02 10:59:14,2025-04-02 10:59:16,Apple Pay top-up by *1781,160.00,0.00,RON,COMPLETED,164.09
Transfer,Current,2025-04-02 10:59:31,2025-04-02 10:59:31,Revolut Bank UAB Vilnius Sucursala București,-160.00,0.00,RON,COMPLETED,4.09
Topup,Current,2025-04-04 14:04:44,2025-04-04 14:04:46,Apple Pay top-up by *1781,184.00,0.00,RON,COMPLETED,188.09
Transfer,Current,2025-04-04 14:05:37,2025-04-04 14:06:00,Revolut Bank UAB Vilnius Sucursala București,-24.00,0.00,RON,COMPLETED,164.09
Transfer,Current,2025-04-04 14:22:49,2025-04-04 14:22:58,Revolut Bank UAB Vilnius Sucursala București,-160.00,0.00,RON,COMPLETED,4.09
Transfer,Current,2025-04-10 12:51:26,2025-04-10 12:51:26,Revolut Bank UAB Vilnius Sucursala București,-4.09,0.00,RON,COMPLETED,0.00
Transfer,Current,2025-04-17 19:03:07,2025-04-17 19:03:07,Revolut Bank UAB Vilnius Sucursala București,300.00,0.00,RON,COMPLETED,300.00
Topup,Current,2025-04-18 12:44:31,2025-04-18 12:44:32,Apple Pay top-up by *1781,160.00,0.00,RON,COMPLETED,460.00
Transfer,Current,2025-04-18 12:44:52,2025-04-18 12:44:52,Revolut Bank UAB Vilnius Sucursala București,-160.00,0.00,RON,COMPLETED,300.00
Card Payment,Current,2025-04-18 13:38:51,2025-04-19 16:03:47,Bershka,-140.30,0.00,RON,COMPLETED,159.70
Card Payment,Current,2025-04-19 21:49:37,2025-04-20 14:10:11,OMV,-7.99,0.00,RON,COMPLETED,151.71
Card Payment,Current,2025-04-22 22:10:59,2025-04-23 07:33:10,Mega Image,-6.29,0.00,RON,COMPLETED,145.42
Topup,Current,2025-04-23 11:57:48,2025-04-23 11:57:49,Apple Pay top-up by *1781,150.00,0.00,RON,COMPLETED,295.42
Transfer,Current,2025-04-23 11:58:07,2025-04-23 11:58:07,Revolut Bank UAB Vilnius Sucursala București,-160.00,0.00,RON,COMPLETED,135.42
Card Payment,Current,2025-04-22 20:50:29,2025-04-24 05:48:26,Kfc,-14.00,0.00,RON,COMPLETED,121.42
Card Payment,Current,2025-04-24 17:08:17,2025-04-25 07:27:58,Curcubeului Market,-23.00,0.00,RON,COMPLETED,98.42
Card Payment,Current,2025-04-24 19:03:24,2025-04-25 07:28:27,Lidl,-2.29,0.00,RON,COMPLETED,96.13
Card Payment,Current,2025-04-25 16:58:17,2025-04-26 05:48:01,Mobilitate urbana,-6.00,0.00,RON,COMPLETED,90.13
Card Payment,Current,2025-04-25 16:50:22,2025-04-26 05:54:24,Bolt,-6.44,0.00,RON,COMPLETED,83.69
Card Payment,Current,2025-04-25 17:48:00,2025-04-26 08:18:27,Mega Image,-14.99,0.00,RON,COMPLETED,68.70
Card Payment,Current,2025-04-25 16:47:58,2025-04-26 08:22:01,Carrefour,-5.49,0.00,RON,COMPLETED,63.21
Topup,Current,2025-04-26 16:26:26,2025-04-26 16:26:27,Apple Pay top-up by *1781,440.00,0.00,RON,COMPLETED,503.21
Transfer,Current,2025-04-26 16:26:42,2025-04-26 16:26:42,Revolut Bank UAB Vilnius Sucursala București,-160.00,0.00,RON,COMPLETED,343.21
Rev Payment,Current,2025-04-27 17:54:00,2025-04-27 17:55:02,amparcat.ro*Otopeni,-1.19,0.00,RON,COMPLETED,342.02
Card Payment,Current,2025-04-27 16:54:21,2025-04-29 05:04:07,Amparcat.ro,-1.19,0.00,RON,COMPLETED,340.83
Card Payment,Current,2025-04-25 17:55:44,2025-04-29 05:19:56,Farmacia Ana Maria,-21.25,0.00,RON,COMPLETED,319.58
Transfer,Current,2025-05-01 08:44:55,2025-05-01 08:44:57,To moldovan maria,-100.00,0.00,RON,COMPLETED,219.58
Card Payment,Current,2025-05-01 14:17:56,2025-05-02 17:09:08,Profi,-202.23,0.00,RON,COMPLETED,17.35
Transfer,Current,2025-05-02 20:28:32,2025-05-02 20:28:33,Revolut Bank UAB Vilnius Sucursala București,25.00,0.00,RON,COMPLETED,42.35
Transfer,Current,2025-05-02 21:00:21,2025-05-02 21:00:22,Revolut Bank UAB Vilnius Sucursala București,25.00,0.00,RON,COMPLETED,67.35
Card Payment,Current,2025-05-02 10:44:41,2025-05-03 07:47:16,Lidl,-1.69,0.00,RON,COMPLETED,65.66
Transfer,Current,2025-05-04 15:13:39,2025-05-04 15:13:39,Revolut Bank UAB Vilnius Sucursala București,25.00,0.00,RON,COMPLETED,90.66
Transfer,Current,2025-05-04 15:25:12,2025-05-04 15:25:13,Revolut Bank UAB Vilnius Sucursala București,25.00,0.00,RON,COMPLETED,115.66
Topup,Current,2025-05-04 19:43:31,2025-05-04 19:43:33,Apple Pay top-up by *1781,251.56,0.00,RON,COMPLETED,367.22
Card Payment,Current,2025-05-06 11:35:54,2025-05-07 07:58:25,Mega Image,-4.79,0.00,RON,COMPLETED,362.43
Transfer,Current,2025-05-07 10:04:54,2025-05-07 10:04:54,Revolut Bank UAB Vilnius Sucursala București,11.50,0.00,RON,COMPLETED,373.93
Card Payment,Current,2025-05-09 08:37:09,2025-05-09 18:07:35,Froo,-28.48,0.00,RON,COMPLETED,345.45
Card Payment,Current,2025-05-09 07:07:59,2025-05-10 08:07:27,Mega Image,-6.48,0.00,RON,COMPLETED,338.97
Topup,Current,2025-05-10 18:52:05,2025-05-10 18:52:07,Apple Pay top-up by *1781,160.00,0.00,RON,COMPLETED,498.97
Transfer,Current,2025-05-10 18:52:25,2025-05-10 18:52:26,Revolut Bank UAB Vilnius Sucursala București,-160.00,0.00,RON,COMPLETED,338.97
Card Payment,Current,2025-05-10 16:56:08,2025-05-11 07:36:54,Curcubeului Market,-23.00,0.00,RON,COMPLETED,315.97
Transfer,Current,2025-05-11 21:27:08,2025-05-11 21:27:09,Revolut Bank UAB Vilnius Sucursala București,25.00,0.00,RON,COMPLETED,340.97
Card Payment,Current,2025-05-11 20:30:47,2025-05-12 08:47:30,Langa Pod,-70.00,0.00,RON,COMPLETED,270.97
Transfer,Current,2025-05-13 11:28:36,2025-05-13 11:28:36,Revolut Bank UAB Vilnius Sucursala București,-23.00,0.00,RON,COMPLETED,247.97
Card Payment,Current,2025-05-12 12:21:53,2025-05-13 14:29:20,Vending Zone,-10.00,0.00,RON,COMPLETED,237.97
Card Payment,Current,2025-05-13 08:43:05,2025-05-14 08:04:22,Mega Image,-11.08,0.00,RON,COMPLETED,226.89
Card Payment,Current,2025-05-13 11:47:04,2025-05-14 08:05:20,Youlan Circus,-13.00,0.00,RON,COMPLETED,213.89
Card Payment,Current,2025-05-14 08:16:22,2025-05-15 08:16:31,Mega Image,-7.19,0.00,RON,COMPLETED,206.70
Card Payment,Current,2025-05-14 10:42:40,2025-05-15 08:17:35,Youlan Circus,-13.00,0.00,RON,COMPLETED,193.70
Card Payment,Current,2025-05-14 12:40:01,2025-05-15 08:21:50,CoffeeBox Retorica,-50.00,0.00,RON,COMPLETED,143.70
Transfer,Current,2025-05-15 14:59:18,2025-05-15 14:59:19,Revolut Bank UAB Vilnius Sucursala București,-7.00,0.00,RON,COMPLETED,136.70
Card Payment,Current,2025-05-15 08:46:06,2025-05-16 08:07:21,Mega Image,-4.79,0.00,RON,COMPLETED,131.91
Card Payment,Current,2025-05-15 14:55:55,2025-05-16 08:07:25,Mega Image,-30.19,0.00,RON,COMPLETED,101.72
Card Payment,Current,2025-05-15 07:33:49,2025-05-16 17:13:38,Profi,-4.25,0.00,RON,COMPLETED,97.47
Topup,Current,2025-05-16 20:22:04,2025-05-16 20:22:05,Apple Pay top-up by *1781,160.00,0.00,RON,COMPLETED,257.47
Transfer,Current,2025-05-16 20:22:20,2025-05-16 20:22:20,Revolut Bank UAB Vilnius Sucursala București,-160.00,0.00,RON,COMPLETED,97.47
Card Payment,Current,2025-05-15 08:52:56,2025-05-17 05:41:58,Garage cafe,-14.00,0.00,RON,COMPLETED,83.47
Card Payment,Current,2025-05-16 21:35:54,2025-05-17 08:10:48,Carrefour,-15.90,0.00,RON,COMPLETED,67.57
Rev Payment,Current,2025-05-17 17:43:51,2025-05-17 17:44:11,amparcat.ro*Otopeni,-1.16,0.00,RON,COMPLETED,66.41
Rev Payment,Current,2025-05-17 18:46:18,2025-05-17 18:46:41,amparcat.ro*Otopeni,-2.32,0.00,RON,COMPLETED,64.09
Transfer,Current,2025-05-18 21:08:40,2025-05-18 21:08:40,Revolut Bank UAB Vilnius Sucursala București,-25.00,0.00,RON,COMPLETED,39.09
Card Payment,Current,2025-05-18 19:14:47,2025-05-19 08:05:39,McDonald's,-9.00,0.00,RON,COMPLETED,30.09
Topup,Current,2025-05-19 13:22:08,2025-05-19 13:22:09,Payment from CITIBANK EUROPE PLC-DUBLIN,173.00,0.00,RON,COMPLETED,203.09
Transfer,Current,2025-05-19 16:10:32,2025-05-19 16:10:32,Revolut Bank UAB Vilnius Sucursala București,-20.00,0.00,RON,COMPLETED,183.09
Transfer,Current,2025-05-21 12:16:44,2025-05-21 12:16:44,Revolut Bank UAB Vilnius Sucursala București,50.00,0.00,RON,COMPLETED,233.09
Transfer,Current,2025-05-21 12:16:54,2025-05-21 12:16:54,Revolut Bank UAB Vilnius Sucursala București,50.00,0.00,RON,COMPLETED,283.09
Transfer,Current,2025-05-21 13:20:35,2025-05-21 13:20:36,Revolut Bank UAB Vilnius Sucursala București,-60.00,0.00,RON,COMPLETED,223.09
Transfer,Current,2025-05-21 13:23:47,2025-05-21 13:23:48,Revolut Bank UAB Vilnius Sucursala București,-56.00,0.00,RON,COMPLETED,167.09
Transfer,Current,2025-05-21 13:25:08,2025-05-21 13:25:09,Revolut Bank UAB Vilnius Sucursala București,-60.00,0.00,RON,COMPLETED,107.09
Transfer,Current,2025-05-21 13:27:18,2025-05-21 13:27:18,Revolut Bank UAB Vilnius Sucursala București,56.00,0.00,RON,COMPLETED,163.09
Card Payment,Current,2025-05-20 06:47:49,2025-05-21 18:52:07,Profi,-27.25,0.00,RON,COMPLETED,135.84
Card Payment,Current,2025-05-20 11:57:18,2025-05-22 05:13:11,Andalex Gastronomy,-30.00,0.00,RON,COMPLETED,105.84
Card Payment,Current,2025-05-21 14:22:57,2025-05-22 05:18:26,Bolt,-5.22,0.00,RON,COMPLETED,100.62
Card Payment,Current,2025-05-21 10:05:31,2025-05-22 07:41:36,Mega Image,-13.78,0.00,RON,COMPLETED,86.84
Card Payment,Current,2025-05-21 12:07:39,2025-05-22 07:41:40,Mega Image,-29.45,0.00,RON,COMPLETED,57.39
Transfer,Current,2025-05-22 13:49:26,2025-05-22 13:49:26,Revolut Bank UAB Vilnius Sucursala București,-2.00,0.00,RON,COMPLETED,55.39
Card Payment,Current,2025-05-23 07:18:28,2025-05-23 19:39:41,Froo,-13.79,0.00,RON,COMPLETED,41.60
Card Payment,Current,2025-05-22 13:48:05,2025-05-23 21:11:45,Mega Image,-23.00,0.00,RON,COMPLETED,18.60
Card Payment,Current,2025-05-22 09:55:27,2025-05-24 05:53:31,Sky 24,-10.00,0.00,RON,COMPLETED,8.60
Topup,Current,2025-05-24 10:07:14,2025-05-24 10:07:15,Apple Pay top-up by *1781,160.00,0.00,RON,COMPLETED,168.60
Transfer,Current,2025-05-24 10:07:38,2025-05-24 10:07:38,Revolut Bank UAB Vilnius Sucursala București,-160.00,0.00,RON,COMPLETED,8.60
Transfer,Current,2025-05-26 09:37:55,2025-05-26 09:37:55,Revolut Bank UAB Vilnius Sucursala București,8.00,0.00,RON,COMPLETED,16.60
Card Payment,Current,2025-05-26 09:40:38,2025-05-27 05:21:06,Multimat Impex,-9.00,0.00,RON,COMPLETED,7.60
Transfer,Current,2025-05-31 14:33:47,2025-05-31 14:33:47,Revolut Bank UAB Vilnius Sucursala București,500.00,0.00,RON,COMPLETED,507.60
Topup,Current,2025-05-31 15:16:23,2025-05-31 15:16:24,Apple Pay top-up by *1781,185.00,0.00,RON,COMPLETED,692.60
Transfer,Current,2025-05-31 15:16:43,2025-05-31 15:16:44,Revolut Bank UAB Vilnius Sucursala București,-160.00,0.00,RON,COMPLETED,532.60
Transfer,Current,2025-05-31 15:17:15,2025-05-31 15:17:16,To Nicoleta Adriana Petre,-25.00,0.00,RON,COMPLETED,507.60
Transfer,Current,2025-06-02 20:09:10,2025-06-02 20:09:11,To Razvan Mihai Pica,-500.00,0.00,RON,COMPLETED,7.60
Topup,Current,2025-06-03 11:37:06,2025-06-03 11:37:08,Apple Pay top-up by *1781,160.00,0.00,RON,COMPLETED,167.60
Transfer,Current,2025-06-03 19:36:07,2025-06-03 19:36:07,Revolut Bank UAB Vilnius Sucursala București,500.00,0.00,RON,COMPLETED,667.60
Card Payment,Current,2025-06-03 21:38:47,2025-06-04 05:40:52,Spalatorie Auto Alexander,-6.66,0.00,RON,COMPLETED,660.94
Card Payment,Current,2025-06-03 21:03:56,2025-06-04 07:49:11,ACCO Fashion,-79.00,0.00,RON,COMPLETED,581.94
Card Payment,Current,2025-06-03 20:51:49,2025-06-04 07:57:37,CCC,-1.00,0.00,RON,COMPLETED,580.94
Transfer,Current,2025-06-04 10:24:47,2025-06-04 10:24:47,Revolut Bank UAB Vilnius Sucursala București,-23.00,0.00,RON,COMPLETED,557.94
Transfer,Current,2025-06-04 10:28:19,2025-06-04 10:28:21,To Razvan Mihai Pica,-300.00,0.00,RON,COMPLETED,257.94
Card Payment,Current,2025-06-04 07:50:20,2025-06-04 15:04:06,Froo,-6.49,0.00,RON,COMPLETED,251.45
Transfer,Current,2025-06-04 15:25:31,2025-06-04 15:25:31,Revolut Bank UAB Vilnius Sucursala București,-160.00,0.00,RON,COMPLETED,91.45
Card Payment,Current,2025-06-04 15:43:59,2025-06-05 07:48:33,Mega Image,-9.28,0.00,RON,COMPLETED,82.17
Transfer,Current,2025-06-05 16:59:15,2025-06-05 16:59:16,Revolut Bank UAB Vilnius Sucursala București,80.00,0.00,RON,COMPLETED,162.17
Card Payment,Current,2025-06-05 13:55:34,2025-06-06 07:30:41,Mega Image,-67.53,0.00,RON,COMPLETED,94.64
Topup,Current,2025-06-06 18:01:18,2025-06-06 18:01:19,Apple Pay top-up by *1781,1090.00,0.00,RON,COMPLETED,1184.64
Transfer,Current,2025-06-06 18:02:20,2025-06-06 18:02:21,To investment account,-1003.12,0.00,RON,COMPLETED,181.52
Card Payment,Current,2025-06-08 16:43:28,2025-06-09 14:54:50,Epic Games Store,-91.88,0.00,RON,COMPLETED,89.64
Card Payment,Current,2025-06-07 22:03:04,2025-06-09 18:24:51,Spalatorie Auto Alexander,-6.66,0.00,RON,COMPLETED,82.98
Transfer,Current,2025-06-10 15:14:22,2025-06-10 15:14:24,Revolut Bank UAB Vilnius Sucursala București,-14.00,0.00,RON,COMPLETED,68.98
Rev Payment,Current,2025-06-11 19:39:46,2025-06-11 19:40:20,amparcat.ro*Otopeni,-4.64,0.00,RON,COMPLETED,64.34
Card Payment,Current,2025-06-11 11:58:57,2025-06-12 07:49:25,Mega Image,-32.58,0.00,RON,COMPLETED,31.76
Card Payment,Current,2025-06-11 14:08:13,2025-06-12 12:00:40,OMV,-8.49,0.00,RON,COMPLETED,23.27
Card Payment,Current,2025-06-11 07:30:40,2025-06-13 04:56:59,Global GNF,-14.00,0.00,RON,COMPLETED,9.27
Transfer,Current,2025-06-13 13:35:48,2025-06-13 13:35:48,Revolut Bank UAB Vilnius Sucursala București,50.00,0.00,RON,COMPLETED,59.27
Transfer,Current,2025-06-13 14:21:09,2025-06-13 14:21:10,Revolut Bank UAB Vilnius Sucursala București,23.00,0.00,RON,COMPLETED,82.27
Topup,Current,2025-06-14 06:10:45,2025-06-14 06:10:46,Apple Pay top-up by *1781,60.00,0.00,RON,COMPLETED,142.27
Transfer,Current,2025-06-14 06:11:05,2025-06-14 06:11:05,Revolut Bank UAB Vilnius Sucursala București,-26.00,0.00,RON,COMPLETED,116.27
Card Payment,Current,2025-06-13 14:34:25,2025-06-14 07:32:47,Mega Image,-46.00,0.00,RON,COMPLETED,70.27
Card Payment,Current,2025-06-13 07:13:13,2025-06-14 07:35:41,Multimat Impex,-2.50,0.00,RON,COMPLETED,67.77
Card Payment,Current,2025-06-13 22:20:32,2025-06-15 05:13:22,Profi,-30.50,0.00,RON,COMPLETED,37.27
Transfer,Current,2025-06-16 11:40:54,2025-06-16 11:40:55,Revolut Bank UAB Vilnius Sucursala București,31.00,0.00,RON,COMPLETED,68.27
Transfer,Current,2025-06-16 21:35:48,2025-06-16 21:35:48,Revolut Bank UAB Vilnius Sucursala București,-15.00,0.00,RON,COMPLETED,53.27
Card Payment,Current,2025-06-16 17:41:15,2025-06-17 05:41:57,Amarket Magazin Mixt,-7.44,0.00,RON,COMPLETED,45.83
Card Payment,Current,2025-06-16 20:38:36,2025-06-17 07:51:43,Gelateria Dolcissima,-13.00,0.00,RON,COMPLETED,32.83
Transfer,Current,2025-06-17 14:34:48,2025-06-17 14:34:49,Revolut Bank UAB Vilnius Sucursala București,15.00,0.00,RON,COMPLETED,47.83
Transfer,Current,2025-06-17 14:35:23,2025-06-17 14:35:24,Revolut Bank UAB Vilnius Sucursala București,-15.00,0.00,RON,COMPLETED,32.83
Transfer,Current,2025-06-17 14:36:02,2025-06-17 14:36:03,Revolut Bank UAB Vilnius Sucursala București,25.00,0.00,RON,COMPLETED,57.83
Card Payment,Current,2025-06-17 18:09:14,2025-06-19 04:43:50,CT BUS,-3.00,0.00,RON,COMPLETED,54.83
Card Payment,Current,2025-06-17 14:36:11,2025-06-19 04:46:03,Lazy Beach,-50.00,0.00,RON,COMPLETED,4.83
Card Payment,Current,2025-06-19 21:33:28,2025-06-20 05:07:01,Mobilitate urbana,-1.00,0.00,RON,COMPLETED,3.83
Topup,Current,2025-06-21 12:01:26,2025-06-21 12:01:28,Apple Pay top-up by *1781,160.00,0.00,RON,COMPLETED,163.83
Transfer,Current,2025-06-21 12:01:59,2025-06-21 12:01:59,Revolut Bank UAB Vilnius Sucursala București,-160.00,0.00,RON,COMPLETED,3.83
Topup,Current,2025-06-21 21:04:30,2025-06-21 21:04:31,Apple Pay top-up by *1781,60.00,0.00,RON,COMPLETED,63.83
Transfer,Current,2025-06-21 21:09:06,2025-06-21 21:09:06,Revolut Bank UAB Vilnius Sucursala București,-5.00,0.00,RON,COMPLETED,58.83
TEMP_BLOCK,Current,2025-06-21 21:09:34,,To Victor,-4.00,0.00,RON,REVERTED,
Transfer,Current,2025-06-21 21:23:24,2025-06-21 21:23:25,Revolut Bank UAB Vilnius Sucursala București,-33.00,0.00,RON,COMPLETED,25.83
Transfer,Current,2025-06-22 22:34:15,2025-06-22 22:34:15,Revolut Bank UAB Vilnius Sucursala București,30.00,0.00,RON,COMPLETED,55.83
Transfer,Current,2025-06-22 22:38:14,2025-06-22 22:38:15,Revolut Bank UAB Vilnius Sucursala București,30.00,0.00,RON,COMPLETED,85.83
Transfer,Current,2025-06-23 14:56:29,2025-06-23 14:56:30,Revolut Bank UAB Vilnius Sucursala București,-25.00,0.00,RON,COMPLETED,60.83
Card Payment,Current,2025-06-21 23:50:54,2025-06-24 05:39:49,SUN PLAZA,-4.00,0.00,RON,COMPLETED,56.83
Transfer,Current,2025-06-24 16:00:41,2025-06-24 16:00:42,Revolut Bank UAB Vilnius Sucursala București,-4.00,0.00,RON,COMPLETED,52.83
Topup,Current,2025-06-25 09:28:49,2025-06-25 09:28:51,Apple Pay top-up by *1781,108.00,0.00,RON,COMPLETED,160.83
Transfer,Current,2025-06-25 09:29:06,2025-06-25 09:29:06,Revolut Bank UAB Vilnius Sucursala București,-160.00,0.00,RON,COMPLETED,0.83
Transfer,Current,2025-06-26 21:04:12,2025-06-26 21:04:13,Revolut Bank UAB Vilnius Sucursala București,25.00,0.00,RON,COMPLETED,25.83
Transfer,Current,2025-06-27 11:51:11,2025-06-27 11:51:15,Revolut Bank UAB Vilnius Sucursala București,160.00,0.00,RON,COMPLETED,185.83
Transfer,Current,2025-06-27 11:52:46,2025-06-27 11:52:47,To Nicoleta Adriana Petre,-155.00,0.00,RON,COMPLETED,30.83
Topup,Current,2025-06-29 10:13:01,2025-06-29 10:13:02,Apple Pay top-up by *1781,160.00,0.00,RON,COMPLETED,190.83
Transfer,Current,2025-06-29 10:13:17,2025-06-29 10:13:18,Revolut Bank UAB Vilnius Sucursala București,-160.00,0.00,RON,COMPLETED,30.83
Card Payment,Current,2025-07-01 12:48:07,2025-07-02 08:07:04,Spalatorie Auto Alexander,-6.66,0.00,RON,COMPLETED,24.17
Card Payment,Current,2025-07-02 16:09:28,2025-07-03 08:01:00,MOL,-8.39,0.00,RON,COMPLETED,15.78
Card Payment,Current,2025-07-02 14:15:27,2025-07-04 18:48:08,Amparcat.ro,-5.95,0.00,RON,COMPLETED,9.83
Card Payment,Current,2025-07-03 12:00:18,2025-07-04 19:28:26,MOL,-4.99,0.00,RON,COMPLETED,4.84
Card Payment,Current,2025-07-03 15:09:05,2025-07-05 05:18:32,Amparcat.ro,-1.16,0.00,RON,COMPLETED,3.68
Topup,Current,2025-07-07 12:15:25,2025-07-07 12:15:27,Apple Pay top-up by *1781,60.00,0.00,RON,COMPLETED,63.68
Card Payment,Current,2025-07-07 12:16:57,2025-07-07 18:45:48,Superprof,-29.00,0.00,RON,COMPLETED,34.68
Transfer,Current,2025-07-09 14:58:24,2025-07-09 14:58:25,Revolut Bank UAB Vilnius Sucursala București,-14.00,0.00,RON,COMPLETED,20.68
Transfer,Current,2025-07-10 14:52:52,2025-07-10 14:52:56,Revolut Bank UAB Vilnius Sucursala București,100.00,0.00,RON,COMPLETED,120.68
Transfer,Current,2025-07-10 20:28:34,2025-07-10 20:28:34,Revolut Bank UAB Vilnius Sucursala București,-6.50,0.00,RON,COMPLETED,114.18
Transfer,Current,2025-07-10 21:07:30,2025-07-10 21:07:33,Revolut Bank UAB Vilnius Sucursala București,-26.00,0.00,RON,COMPLETED,88.18
Transfer,Current,2025-07-10 21:10:00,2025-07-10 21:10:06,Revolut Bank UAB Vilnius Sucursala București,-4.00,0.00,RON,COMPLETED,84.18
Card Payment,Current,2025-07-10 15:10:49,2025-07-11 07:51:07,Carlabi,-12.00,0.00,RON,COMPLETED,72.18
Card Payment,Current,2025-07-10 19:32:20,2025-07-11 15:12:54,CoffeeBox Retorica,-39.00,0.00,RON,COMPLETED,33.18
Transfer,Current,2025-07-12 00:08:42,2025-07-12 00:08:42,Revolut Bank UAB Vilnius Sucursala București,-30.00,0.00,RON,COMPLETED,3.18
Transfer,Current,2025-07-12 15:43:19,2025-07-12 15:43:20,Revolut Bank UAB Vilnius Sucursala București,86.00,0.00,RON,COMPLETED,89.18
Transfer,Current,2025-07-13 17:21:40,2025-07-13 17:21:41,Revolut Bank UAB Vilnius Sucursala București,36.00,0.00,RON,COMPLETED,125.18
Transfer,Current,2025-07-15 13:57:50,2025-07-15 13:57:50,Revolut Bank UAB Vilnius Sucursala București,285.00,0.00,RON,COMPLETED,410.18
Topup,Current,2025-07-15 13:58:41,2025-07-15 13:58:43,Apple Pay top-up by *1781,156.00,0.00,RON,COMPLETED,566.18
Card Payment,Current,2025-07-15 13:59:25,2025-07-15 17:58:36,Booking.com,-565.14,0.00,RON,COMPLETED,1.04
Topup,Current,2025-07-15 20:42:51,2025-07-15 20:42:53,Apple Pay top-up by *1781,60.00,0.00,RON,COMPLETED,61.04
Transfer,Current,2025-07-15 20:43:12,2025-07-15 20:43:13,Revolut Bank UAB Vilnius Sucursala București,-24.00,0.00,RON,COMPLETED,37.04
Card Payment,Current,2025-07-15 21:38:30,2025-07-16 07:57:06,Betty ice,-12.50,0.00,RON,COMPLETED,24.54
Card Payment,Current,2025-07-15 23:10:15,2025-07-17 05:38:18,Kfc,-23.50,0.00,RON,COMPLETED,1.04
Topup,Current,2025-07-17 16:39:10,2025-07-17 16:39:12,Apple Pay top-up by *1781,60.00,0.00,RON,COMPLETED,61.04
Transfer,Current,2025-07-17 16:39:31,2025-07-17 16:39:31,Revolut Bank UAB Vilnius Sucursala București,-60.00,0.00,RON,COMPLETED,1.04
Transfer,Current,2025-07-17 16:41:45,2025-07-17 16:41:45,Revolut Bank UAB Vilnius Sucursala București,60.00,0.00,RON,COMPLETED,61.04
Topup,Current,2025-07-17 18:16:17,2025-07-17 18:16:19,Apple Pay top-up by *1781,120.00,0.00,RON,COMPLETED,181.04
Transfer,Current,2025-07-17 18:16:41,2025-07-17 18:16:41,Revolut Bank UAB Vilnius Sucursala București,-180.00,0.00,RON,COMPLETED,1.04
Card Refund,Current,2025-07-17 03:00:00,2025-07-18 06:00:25,Booking.com,565.14,0.00,RON,COMPLETED,566.18
Transfer,Current,2025-07-18 12:55:17,2025-07-18 12:55:18,Revolut Bank UAB Vilnius Sucursala București,-285.00,0.00,RON,COMPLETED,281.18
Transfer,Current,2025-07-18 12:55:35,2025-07-18 12:55:35,Revolut Bank UAB Vilnius Sucursala București,-13.00,0.00,RON,COMPLETED,268.18
Transfer,Current,2025-07-18 18:53:28,2025-07-18 18:53:29,Revolut Bank UAB Vilnius Sucursala București,-11.00,0.00,RON,COMPLETED,257.18
Card Payment,Current,2025-07-18 13:05:37,2025-07-19 13:19:19,Bibi Market,-24.00,0.00,RON,COMPLETED,233.18
Transfer,Current,2025-07-19 17:54:23,2025-07-19 17:54:23,Revolut Bank UAB Vilnius Sucursala București,-35.00,0.00,RON,COMPLETED,198.18
Transfer,Current,2025-07-19 17:54:40,2025-07-19 17:54:40,Revolut Bank UAB Vilnius Sucursala București,-25.00,0.00,RON,COMPLETED,173.18
Card Payment,Current,2025-07-19 21:50:11,2025-07-20 07:54:01,Bio By,-43.50,0.00,RON,COMPLETED,129.68
Card Payment,Current,2025-07-19 20:12:11,2025-07-20 07:54:36,La Clatite,-13.00,0.00,RON,COMPLETED,116.68
Card Payment,Current,2025-07-19 02:05:48,2025-07-20 15:36:51,Vant de vama,-4.00,0.00,RON,COMPLETED,112.68
Card Payment,Current,2025-07-19 01:43:58,2025-07-20 15:36:56,Vant de vama,-4.00,0.00,RON,COMPLETED,108.68
Card Payment,Current,2025-07-19 18:02:49,2025-07-20 15:37:15,HaVama,-45.00,0.00,RON,COMPLETED,63.68
Transfer,Current,2025-07-20 15:57:27,2025-07-20 15:57:28,Revolut Bank UAB Vilnius Sucursala București,26.00,0.00,RON,COMPLETED,89.68
Transfer,Current,2025-07-20 20:40:10,2025-07-20 20:40:10,Revolut Bank UAB Vilnius Sucursala București,80.00,0.00,RON,COMPLETED,169.68
Card Payment,Current,2025-07-20 13:17:49,2025-07-21 08:11:03,Camden Market,-8.00,0.00,RON,COMPLETED,161.68
Card Payment,Current,2025-07-20 01:36:53,2025-07-21 16:58:56,Vant de vama,-24.00,0.00,RON,COMPLETED,137.68
Card Payment,Current,2025-07-20 13:16:31,2025-07-21 16:58:57,Daripan Vama Veche,-12.86,0.00,RON,COMPLETED,124.82
Card Payment,Current,2025-07-20 03:47:10,2025-07-21 16:58:59,Vant de vama,-4.00,0.00,RON,COMPLETED,120.82
Card Payment,Current,2025-07-20 19:49:41,2025-07-21 16:59:04,RomPetrol,-18.90,0.00,RON,COMPLETED,101.92
Card Payment,Current,2025-07-21 23:15:57,2025-07-22 08:21:56,MOL,-24.00,0.00,RON,COMPLETED,77.92
Topup,Current,2025-07-22 14:28:49,2025-07-22 14:28:51,Apple Pay top-up by *1781,300.00,0.00,RON,COMPLETED,377.92
Transfer,Current,2025-07-22 14:29:11,2025-07-22 14:29:12,Revolut Bank UAB Vilnius Sucursala București,-5.00,0.00,RON,COMPLETED,372.92
Transfer,Current,2025-07-22 14:30:52,2025-07-22 14:30:53,Revolut Bank UAB Vilnius Sucursala București,-295.00,0.00,RON,COMPLETED,77.92
Transfer,Current,2025-07-23 12:26:16,2025-07-23 12:26:16,Revolut Bank UAB Vilnius Sucursala București,100.00,0.00,RON,COMPLETED,177.92
Card Payment,Current,2025-07-22 18:43:00,2025-07-23 17:54:57,Simco Schwartz,-4.50,0.00,RON,COMPLETED,173.42
Card Payment,Current,2025-07-22 17:44:13,2025-07-23 17:55:00,LUKOIL,-8.49,0.00,RON,COMPLETED,164.93
Transfer,Current,2025-07-23 20:02:30,2025-07-23 20:02:30,Revolut Bank UAB Vilnius Sucursala București,27.00,0.00,RON,COMPLETED,191.93
Transfer,Current,2025-07-23 20:08:20,2025-07-23 20:08:20,Revolut Bank UAB Vilnius Sucursala București,-27.00,0.00,RON,COMPLETED,164.93
Transfer,Current,2025-07-23 20:11:43,2025-07-23 20:11:43,Revolut Bank UAB Vilnius Sucursala București,24.00,0.00,RON,COMPLETED,188.93
Transfer,Current,2025-07-23 20:19:32,2025-07-23 20:19:32,Revolut Bank UAB Vilnius Sucursala București,-58.00,0.00,RON,COMPLETED,130.93
Transfer,Current,2025-07-23 21:24:17,2025-07-23 21:24:18,Revolut Bank UAB Vilnius Sucursala București,-24.00,0.00,RON,COMPLETED,106.93
Transfer,Current,2025-07-23 22:58:45,2025-07-23 22:58:45,Revolut Bank UAB Vilnius Sucursala București,-18.00,0.00,RON,COMPLETED,88.93
Transfer,Current,2025-07-23 23:11:23,2025-07-23 23:11:23,Revolut Bank UAB Vilnius Sucursala București,-10.00,0.00,RON,COMPLETED,78.93
Transfer,Current,2025-07-23 23:11:34,2025-07-23 23:11:34,Revolut Bank UAB Vilnius Sucursala București,-10.00,0.00,RON,COMPLETED,68.93
Transfer,Current,2025-07-24 01:23:50,2025-07-24 01:23:50,Revolut Bank UAB Vilnius Sucursala București,4.00,0.00,RON,COMPLETED,72.93
Transfer,Current,2025-07-24 01:24:40,2025-07-24 01:24:40,Revolut Bank UAB Vilnius Sucursala București,8.00,0.00,RON,COMPLETED,80.93
Transfer,Current,2025-07-24 01:58:28,2025-07-24 01:58:28,Revolut Bank UAB Vilnius Sucursala București,4.40,0.00,RON,COMPLETED,85.33
Topup,Current,2025-07-24 02:51:39,2025-07-24 02:51:40,Apple Pay top-up by *1781,70.00,0.00,RON,COMPLETED,155.33
Transfer,Current,2025-07-24 02:51:55,2025-07-24 02:51:55,Revolut Bank UAB Vilnius Sucursala București,-70.00,0.00,RON,COMPLETED,85.33
Card Payment,Current,2025-07-23 15:17:25,2025-07-24 08:01:16,Curcubeului Market,-31.00,0.00,RON,COMPLETED,54.33
Card Payment,Current,2025-07-23 20:15:11,2025-07-24 08:01:49,Mega Image,-28.79,0.00,RON,COMPLETED,25.54
Card Payment,Current,2025-07-23 20:52:36,2025-07-24 08:02:01,Mega Image,-3.79,0.00,RON,COMPLETED,21.75
Card Payment,Current,2025-07-24 02:54:46,2025-07-24 08:13:47,Bolt,-13.60,0.00,RON,COMPLETED,8.15
Transfer,Current,2025-07-24 08:34:38,2025-07-24 08:34:38,Revolut Bank UAB Vilnius Sucursala București,31.82,0.00,RON,COMPLETED,39.97
Transfer,Current,2025-07-25 15:12:10,2025-07-25 15:12:10,Revolut Bank UAB Vilnius Sucursala București,108.00,0.00,RON,COMPLETED,147.97
Transfer,Current,2025-07-25 16:54:42,2025-07-25 16:54:43,Revolut Bank UAB Vilnius Sucursala București,-60.00,0.00,RON,COMPLETED,87.97
Transfer,Current,2025-07-25 22:35:27,2025-07-25 22:35:28,Revolut Bank UAB Vilnius Sucursala București,10.00,0.00,RON,COMPLETED,97.97
Transfer,Current,2025-07-25 23:02:48,2025-07-25 23:02:48,Revolut Bank UAB Vilnius Sucursala București,15.00,0.00,RON,COMPLETED,112.97
Transfer,Current,2025-07-25 23:03:12,2025-07-25 23:03:13,Revolut Bank UAB Vilnius Sucursala București,-32.30,0.00,RON,COMPLETED,80.67
Card Payment,Current,2025-07-25 22:35:53,2025-07-26 08:06:30,Uber,-10.21,0.00,RON,COMPLETED,70.46
Topup,Current,2025-07-26 12:12:39,2025-07-26 12:12:40,Apple Pay top-up by *1781,100.00,0.00,RON,COMPLETED,170.46
Transfer,Current,2025-07-26 12:13:01,2025-07-26 12:13:02,Revolut Bank UAB Vilnius Sucursala București,-37.00,0.00,RON,COMPLETED,133.46
Transfer,Current,2025-07-26 12:15:08,2025-07-26 12:15:09,Revolut Bank UAB Vilnius Sucursala București,-19.00,0.00,RON,COMPLETED,114.46
Transfer,Current,2025-07-26 13:14:41,2025-07-26 13:14:42,Revolut Bank UAB Vilnius Sucursala București,-31.00,0.00,RON,COMPLETED,83.46
Transfer,Current,2025-07-26 14:04:14,2025-07-26 14:04:15,Revolut Bank UAB Vilnius Sucursala București,6.00,0.00,RON,COMPLETED,89.46
Card Payment,Current,2025-07-25 17:42:46,2025-07-26 16:33:26,Tabac Xpress,-70.20,0.00,RON,COMPLETED,19.26
Transfer,Current,2025-07-26 19:56:45,2025-07-26 19:56:45,Revolut Bank UAB Vilnius Sucursala București,-8.37,0.00,RON,COMPLETED,10.89
Card Payment,Current,2025-07-26 14:09:20,2025-07-27 13:30:51,OMV,-4.89,0.00,RON,COMPLETED,6.00
Topup,Current,2025-07-27 15:25:06,2025-07-27 15:25:07,Apple Pay top-up by *1781,60.00,0.00,RON,COMPLETED,66.00
Transfer,Current,2025-07-27 15:25:27,2025-07-27 15:25:28,Revolut Bank UAB Vilnius Sucursala București,-60.00,0.00,RON,COMPLETED,6.00
Card Payment,Current,2025-07-26 19:02:03,2025-07-27 16:24:53,Inmedio,-6.00,0.00,RON,COMPLETED,0.00
Topup,Current,2025-07-27 17:38:25,2025-07-27 17:38:27,Apple Pay top-up by *1781,60.00,0.00,RON,COMPLETED,60.00
Transfer,Current,2025-07-27 17:38:48,2025-07-27 17:38:48,Revolut Bank UAB Vilnius Sucursala București,-60.00,0.00,RON,COMPLETED,0.00
Transfer,Current,2025-07-29 23:27:53,2025-07-29 23:27:53,Revolut Bank UAB Vilnius Sucursala București,35.00,0.00,RON,COMPLETED,35.00
Transfer,Current,2025-07-30 00:37:06,2025-07-30 00:37:06,Revolut Bank UAB Vilnius Sucursala București,-30.00,0.00,RON,COMPLETED,5.00
Transfer,Current,2025-07-30 00:40:49,2025-07-30 00:40:49,Revolut Bank UAB Vilnius Sucursala București,-5.00,0.00,RON,COMPLETED,0.00
Transfer,Current,2025-07-31 13:02:57,2025-07-31 13:03:06,Revolut Bank UAB Vilnius Sucursala București,100.00,0.00,RON,COMPLETED,100.00
Transfer,Current,2025-07-31 15:58:34,2025-07-31 15:58:34,To investment account,-97.00,0.00,RON,COMPLETED,3.00
Topup,Current,2025-08-02 13:45:22,2025-08-02 13:45:24,Apple Pay top-up by *1781,60.00,0.00,RON,COMPLETED,63.00
Transfer,Current,2025-08-02 13:47:28,2025-08-02 13:47:28,Revolut Bank UAB Vilnius Sucursala București,-32.00,0.00,RON,COMPLETED,31.00
Card Payment,Current,2025-08-03 00:40:00,2025-08-05 05:44:51,LUKOIL,-24.00,0.00,RON,COMPLETED,7.00
Card Payment,Current,2025-08-04 17:07:21,2025-08-05 08:11:04,Carrefour,-5.29,0.00,RON,COMPLETED,1.71
Transfer,Current,2025-08-07 21:07:44,2025-08-07 21:07:45,Revolut Bank UAB Vilnius Sucursala București,14.50,0.00,RON,COMPLETED,16.21
Topup,Current,2025-08-08 03:46:29,2025-08-08 03:46:30,Payment from STEFAN STEFAN CARADEANU,50.00,0.00,RON,COMPLETED,66.21
Transfer,Current,2025-08-08 14:22:11,2025-08-08 14:22:19,Revolut Bank UAB Vilnius Sucursala București,1000.00,0.00,RON,COMPLETED,1066.21
Transfer,Current,2025-08-08 14:23:31,2025-08-08 14:23:31,To investment account,-999.77,0.00,RON,COMPLETED,66.44
Card Payment,Current,2025-08-08 03:49:04,2025-08-08 18:41:26,Untold,-60.00,0.00,RON,COMPLETED,6.44
Topup,Current,2025-08-09 15:17:05,2025-08-09 15:17:07,Apple Pay top-up by *1781,66.32,0.00,RON,COMPLETED,72.76
Transfer,Current,2025-08-09 15:18:29,2025-08-09 15:18:29,Revolut Bank UAB Vilnius Sucursala București,-8.00,0.00,RON,COMPLETED,64.76
Transfer,Current,2025-08-09 15:18:54,2025-08-09 15:18:54,Revolut Bank UAB Vilnius Sucursala București,-40.00,0.00,RON,COMPLETED,24.76
Transfer,Current,2025-08-09 17:03:19,2025-08-09 17:03:20,Revolut Bank UAB Vilnius Sucursala București,-24.76,0.00,RON,COMPLETED,0.00
Transfer,Current,2025-08-09 20:05:43,2025-08-09 20:05:43,Revolut Bank UAB Vilnius Sucursala București,130.00,0.00,RON,COMPLETED,130.00
Card Payment,Current,2025-08-09 20:08:14,2025-08-10 07:10:36,Untold,-130.00,0.00,RON,COMPLETED,0.00
Exchange,Current,2025-08-11 21:09:12,2025-08-11 21:09:12,Exchanged to RON,1008.34,0.00,RON,COMPLETED,1008.34
Transfer,Current,2025-08-11 22:35:30,2025-08-11 22:35:32,To Eftimie Patrick,-93.00,0.00,RON,COMPLETED,915.34
Card Payment,Current,2025-08-13 16:18:14,2025-08-14 07:38:17,Curcubeului Market,-24.00,0.00,RON,COMPLETED,891.34
Transfer,Current,2025-08-14 13:28:21,2025-08-14 13:28:22,Revolut Bank UAB Vilnius Sucursala București,100.00,0.00,RON,COMPLETED,991.34
Card Payment,Current,2025-08-13 16:04:17,2025-08-14 17:32:30,eMAG,-791.12,0.00,RON,COMPLETED,200.22
Card Payment,Current,2025-08-13 16:13:35,2025-08-14 17:32:54,Profi,-11.58,0.00,RON,COMPLETED,188.64
Transfer,Current,2025-08-14 18:49:50,2025-08-14 18:49:51,Revolut Bank UAB Vilnius Sucursala București,-120.00,0.00,RON,COMPLETED,68.64
Transfer,Current,2025-08-15 20:39:50,2025-08-15 20:39:50,Revolut Bank UAB Vilnius Sucursala București,20.00,0.00,RON,COMPLETED,88.64
Card Payment,Current,2025-08-15 20:39:54,2025-08-16 07:29:50,Mega Image,-18.02,0.00,RON,COMPLETED,70.62
Card Payment,Current,2025-08-15 19:59:27,2025-08-16 07:29:52,Curcubeului Market,-24.00,0.00,RON,COMPLETED,46.62
Transfer,Current,2025-08-16 21:38:28,2025-08-16 21:38:29,Revolut Bank UAB,99.99,0.00,RON,COMPLETED,146.61
Transfer,Current,2025-08-16 21:38:46,2025-08-16 21:38:47,Revolut Bank UAB Vilnius Sucursala București,-25.00,0.00,RON,COMPLETED,121.61
Transfer,Current,2025-08-16 21:38:51,2025-08-16 21:38:51,Revolut Bank UAB Vilnius Sucursala București,-1.00,0.00,RON,COMPLETED,120.61
Transfer,Current,2025-08-16 22:42:26,2025-08-16 22:42:27,Revolut Bank UAB Vilnius Sucursala București,10.00,0.00,RON,COMPLETED,130.61
Transfer,Current,2025-08-16 22:58:46,2025-08-16 22:58:46,Revolut Bank UAB Vilnius Sucursala București,-24.00,0.00,RON,COMPLETED,106.61
Topup,Current,2025-08-18 15:17:52,2025-08-18 15:17:53,Apple Pay top-up by *1781,100.00,0.00,RON,COMPLETED,206.61
Card Payment,Current,2025-08-18 15:27:32,2025-08-19 05:07:27,Sakis Market,-35.67,0.00,RON,COMPLETED,170.94
Card Payment,Current,2025-08-18 15:29:32,2025-08-19 05:07:27,Sakis Market,-18.35,0.00,RON,COMPLETED,152.59
Transfer,Current,2025-08-19 20:25:07,2025-08-19 20:25:07,Revolut Bank UAB Vilnius Sucursala București,-50.00,0.00,RON,COMPLETED,102.59
Card Payment,Current,2025-08-18 21:45:52,2025-08-20 14:19:22,Sotiralis Panagiotis,-20.32,0.00,RON,COMPLETED,82.27
Transfer,Current,2025-08-20 16:02:54,2025-08-20 16:02:55,Revolut Bank UAB Vilnius Sucursala București,50.00,0.00,RON,COMPLETED,132.27
Card Payment,Current,2025-08-20 22:56:26,2025-08-21 15:18:09,Rafail Tzortzakakis,-21.90,0.00,RON,COMPLETED,110.37
Transfer,Current,2025-08-23 20:05:13,2025-08-23 20:05:13,Revolut Bank UAB Vilnius Sucursala București,-110.00,0.00,RON,COMPLETED,0.37
Topup,Current,2025-08-25 20:47:16,2025-08-25 20:47:17,Apple Pay top-up by *1781,60.00,0.00,RON,COMPLETED,60.37
Transfer,Current,2025-08-25 20:47:48,2025-08-25 20:47:48,Revolut Bank UAB Vilnius Sucursala București,-36.00,0.00,RON,COMPLETED,24.37
Transfer,Current,2025-08-26 01:08:02,2025-08-26 01:08:03,Revolut Bank UAB Vilnius Sucursala București,38.00,0.00,RON,COMPLETED,62.37
Transfer,Current,2025-08-26 12:27:40,2025-08-26 12:27:41,Revolut Bank UAB Vilnius Sucursala București,36.00,0.00,RON,COMPLETED,98.37
Transfer,Current,2025-08-26 13:27:59,2025-08-26 13:28:00,Revolut Bank UAB Vilnius Sucursala București,-75.00,0.00,RON,COMPLETED,23.37
Card Payment,Current,2025-08-26 18:35:36,2025-08-27 04:45:30,Catena,-3.01,0.00,RON,COMPLETED,20.36
Card Payment,Current,2025-08-26 13:43:43,2025-08-27 07:23:33,Mega Image,-8.42,0.00,RON,COMPLETED,11.94
Card Payment,Current,2025-08-26 17:18:16,2025-08-27 07:24:02,TSV,-7.60,0.00,RON,COMPLETED,4.34
Transfer,Current,2025-08-27 12:54:30,2025-08-27 12:54:30,Revolut Bank UAB Vilnius Sucursala București,100.00,0.00,RON,COMPLETED,104.34
Card Payment,Current,2025-08-27 22:32:00,2025-08-28 07:37:36,Mega Image,-100.00,0.00,RON,COMPLETED,4.34
Transfer,Current,2025-08-29 10:19:57,2025-08-29 10:19:58,Revolut Bank UAB Vilnius Sucursala București,190.00,0.00,RON,COMPLETED,194.34
Transfer,Current,2025-08-29 20:13:20,2025-08-29 20:13:20,Revolut Bank UAB Vilnius Sucursala București,-24.00,0.00,RON,COMPLETED,170.34
Card Payment,Current,2025-08-29 22:16:21,2025-08-30 18:22:08,Profi,-17.49,0.00,RON,COMPLETED,152.85
Topup,Current,2025-08-30 21:49:48,2025-08-30 21:49:50,Apple Pay top-up by *1781,60.00,0.00,RON,COMPLETED,212.85
Transfer,Current,2025-08-30 21:50:03,2025-08-30 21:50:03,Revolut Bank UAB Vilnius Sucursala București,-120.00,0.00,RON,COMPLETED,92.85
Card Payment,Current,2025-08-30 23:34:30,2025-08-31 07:10:59,Mega Image,-10.68,0.00,RON,COMPLETED,82.17
Card Payment,Current,2025-08-30 18:12:16,2025-08-31 07:11:11,Mega Image,-5.09,0.00,RON,COMPLETED,77.08
Card Payment,Current,2025-08-30 13:55:14,2025-08-31 07:11:15,Mega Image,-21.42,0.00,RON,COMPLETED,55.66
Card Payment,Current,2025-08-30 18:17:59,2025-08-31 16:41:11,LUKOIL,-24.00,0.00,RON,COMPLETED,31.66
Card Payment,Current,2025-08-31 22:52:45,2025-09-01 17:37:57,Profi,-11.29,0.00,RON,COMPLETED,20.37
Transfer,Current,2025-09-01 20:09:00,2025-09-01 20:09:00,Revolut Bank UAB Vilnius Sucursala București,18.00,0.00,RON,COMPLETED,38.37
Transfer,Current,2025-09-03 22:25:30,2025-09-03 22:25:30,Revolut Bank UAB Vilnius Sucursala București,10.00,0.00,RON,COMPLETED,48.37
Transfer,Current,2025-09-04 18:18:21,2025-09-04 18:18:22,Revolut Bank UAB Vilnius Sucursala București,18.00,0.00,RON,COMPLETED,66.37
Card Payment,Current,2025-09-04 02:20:44,2025-09-04 18:59:44,Tychi Ametist,-36.00,0.00,RON,COMPLETED,30.37
Transfer,Current,2025-09-04 23:35:15,2025-09-04 23:35:15,Revolut Bank UAB Vilnius Sucursala București,13.00,0.00,RON,COMPLETED,43.37
Card Payment,Current,2025-09-04 18:24:15,2025-09-05 07:52:12,Lidl,-9.24,0.00,RON,COMPLETED,34.13
Card Payment,Current,2025-09-04 23:33:31,2025-09-05 07:52:36,Mega Image,-16.05,0.00,RON,COMPLETED,18.08
Card Payment,Current,2025-09-04 23:36:23,2025-09-05 07:52:39,Mega Image,-5.88,0.00,RON,COMPLETED,12.20
Transfer,Current,2025-09-05 11:32:36,2025-09-05 11:32:36,Revolut Bank UAB Vilnius Sucursala București,200.00,0.00,RON,COMPLETED,212.20
Transfer,Current,2025-09-05 11:37:49,2025-09-05 11:37:50,To zaitun com srl,-150.00,0.00,RON,COMPLETED,62.20
Card Payment,Current,2025-09-05 21:55:34,2025-09-06 07:23:40,Mega Image,-25.02,0.00,RON,COMPLETED,37.18
Card Payment,Current,2025-09-05 12:59:35,2025-09-06 16:37:34,eMAG,-5.99,0.00,RON,COMPLETED,31.19
Topup,Current,2025-09-06 23:35:33,2025-09-06 23:35:35,Apple Pay top-up by *1781,60.00,0.00,RON,COMPLETED,91.19
Transfer,Current,2025-09-06 23:36:06,2025-09-06 23:36:06,Revolut Bank UAB Vilnius Sucursala București,-24.00,0.00,RON,COMPLETED,67.19
Transfer,Current,2025-09-07 14:41:20,2025-09-07 14:41:21,Revolut Bank UAB Vilnius Sucursala București,100.00,0.00,RON,COMPLETED,167.19
Card Payment,Current,2025-09-06 09:23:11,2025-09-07 18:48:40,Profi,-3.99,0.00,RON,COMPLETED,163.20
Transfer,Current,2025-09-07 22:28:22,2025-09-07 22:28:22,Revolut Bank UAB Vilnius Sucursala București,4.00,0.00,RON,COMPLETED,167.20
Card Payment,Current,2025-09-06 09:57:01,2025-09-09 04:30:35,Amparcat.ro,-11.90,0.00,RON,COMPLETED,155.30
Transfer,Current,2025-09-09 22:38:48,2025-09-09 22:38:48,Revolut Bank UAB Vilnius Sucursala București,-38.00,0.00,RON,COMPLETED,117.30
Card Payment,Current,2025-09-10 15:00:23,2025-09-11 07:33:21,Mega Image,-2.49,0.00,RON,COMPLETED,114.81
Card Payment,Current,2025-09-10 12:12:52,2025-09-11 13:34:38,Lidl,-9.17,0.00,RON,COMPLETED,105.64
Card Payment,Current,2025-09-10 00:23:07,2025-09-11 13:55:38,August Pronto,-7.99,0.00,RON,COMPLETED,97.65
Transfer,Current,2025-09-12 00:06:40,2025-09-12 00:06:40,Revolut Bank UAB Vilnius Sucursala București,-8.00,0.00,RON,COMPLETED,89.65
Topup,Current,2025-09-12 17:54:15,2025-09-12 17:54:16,Apple Pay top-up by *1781,60.00,0.00,RON,COMPLETED,149.65
Transfer,Current,2025-09-12 17:54:31,2025-09-12 17:54:31,Revolut Bank UAB Vilnius Sucursala București,-30.00,0.00,RON,COMPLETED,119.65
Card Payment,Current,2025-09-12 01:24:12,2025-09-13 07:15:27,Mega Image,-4.65,0.00,RON,COMPLETED,115.00
Card Payment,Current,2025-09-12 13:20:02,2025-09-13 07:15:36,Mega Image,-42.67,0.00,RON,COMPLETED,72.33
Card Payment,Current,2025-09-12 00:17:23,2025-09-13 11:11:20,Arabian Taste,-32.00,0.00,RON,COMPLETED,40.33
Transfer,Current,2025-09-13 15:52:25,2025-09-13 15:52:26,Revolut Bank UAB Vilnius Sucursala București,30.00,0.00,RON,COMPLETED,70.33
Transfer,Current,2025-09-13 15:55:13,2025-09-13 15:55:14,Revolut Bank UAB Vilnius Sucursala București,-25.00,0.00,RON,COMPLETED,45.33
Transfer,Current,2025-09-13 20:59:02,2025-09-13 20:59:02,Revolut Bank UAB Vilnius Sucursala București,100.00,0.00,RON,COMPLETED,145.33
Transfer,Current,2025-09-14 02:26:05,2025-09-14 02:26:05,Revolut Bank UAB Vilnius Sucursala București,-19.00,0.00,RON,COMPLETED,126.33
Card Payment,Current,2025-09-14 01:43:27,2025-09-14 19:01:12,Tychi Ametist,-18.00,0.00,RON,COMPLETED,108.33
Card Payment,Current,2025-09-14 02:15:14,2025-09-15 07:20:06,Apollo 111,-60.00,0.00,RON,COMPLETED,48.33
Card Payment,Current,2025-09-14 03:17:53,2025-09-15 07:20:06,Apollo 111,-20.00,0.00,RON,COMPLETED,28.33
Card Payment,Current,2025-09-14 01:59:25,2025-09-15 07:20:16,La Papa Hap,-24.00,0.00,RON,COMPLETED,4.33
Transfer,Current,2025-09-15 22:47:59,2025-09-15 22:47:59,Revolut Bank UAB Vilnius Sucursala București,100.00,0.00,RON,COMPLETED,104.33
Transfer,Current,2025-09-15 23:03:58,2025-09-15 23:03:58,Revolut Bank UAB Vilnius Sucursala București,-6.00,0.00,RON,COMPLETED,98.33
Transfer,Current,2025-09-15 23:50:21,2025-09-15 23:50:21,Revolut Bank UAB Vilnius Sucursala București,-24.00,0.00,RON,COMPLETED,74.33
Transfer,Current,2025-09-16 00:57:26,2025-09-16 00:57:26,Revolut Bank UAB Vilnius Sucursala București,-5.00,0.00,RON,COMPLETED,69.33
Transfer,Current,2025-09-16 00:59:12,2025-09-16 00:59:12,Revolut Bank UAB Vilnius Sucursala București,5.00,0.00,RON,COMPLETED,74.33
Transfer,Current,2025-09-16 00:59:42,2025-09-16 00:59:43,Revolut Bank UAB Vilnius Sucursala București,-5.00,0.00,RON,COMPLETED,69.33
Transfer,Current,2025-09-16 15:16:20,2025-09-16 15:16:20,Revolut Bank UAB Vilnius Sucursala București,-5.00,0.00,RON,COMPLETED,64.33
Transfer,Current,2025-09-16 15:18:13,2025-09-16 15:18:13,Revolut Bank UAB Vilnius Sucursala București,8.00,0.00,RON,COMPLETED,72.33
Card Payment,Current,2025-09-16 01:54:33,2025-09-17 07:38:59,Mega Image,-4.19,0.00,RON,COMPLETED,68.14
Transfer,Current,2025-09-19 17:23:26,2025-09-19 17:23:26,Revolut Bank UAB Vilnius Sucursala București,-10.00,0.00,RON,COMPLETED,58.14
Transfer,Current,2025-09-19 21:26:01,2025-09-19 21:26:01,Revolut Bank UAB Vilnius Sucursala București,-7.00,0.00,RON,COMPLETED,51.14
Transfer,Current,2025-09-19 21:57:54,2025-09-19 21:57:54,Revolut Bank UAB Vilnius Sucursala București,-7.00,0.00,RON,COMPLETED,44.14
Transfer,Current,2025-09-19 22:03:23,2025-09-19 22:03:24,Revolut Bank UAB Vilnius Sucursala București,-10.00,0.00,RON,COMPLETED,34.14
Transfer,Current,2025-09-20 01:03:30,2025-09-20 01:03:31,Revolut Bank UAB Vilnius Sucursala București,-19.00,0.00,RON,COMPLETED,15.14
Transfer,Current,2025-09-21 23:19:35,2025-09-21 23:19:35,Revolut Bank UAB Vilnius Sucursala București,1.00,0.00,RON,COMPLETED,16.14
Card Payment,Current,2025-09-21 23:29:50,2025-09-22 16:30:14,Nordsense,-7.00,0.00,RON,COMPLETED,9.14
Card Payment,Current,2025-09-22 21:36:39,2025-09-23 07:59:38,Carrefour,-4.71,0.00,RON,COMPLETED,4.43
Transfer,Current,2025-09-24 23:39:38,2025-09-24 23:39:39,Revolut Bank UAB Vilnius Sucursala București,-4.43,0.00,RON,COMPLETED,0.00
Transfer,Current,2025-09-25 00:26:31,2025-09-25 00:26:31,Revolut Bank UAB Vilnius Sucursala București,18.00,0.00,RON,COMPLETED,18.00
Transfer,Current,2025-09-25 17:31:29,2025-09-25 17:31:30,Revolut Bank UAB Vilnius Sucursala București,100.00,0.00,RON,COMPLETED,118.00
Card Payment,Current,2025-09-25 11:51:00,2025-09-26 22:10:52,METRO,-8.60,0.00,RON,COMPLETED,109.40
Card Payment,Current,2025-09-26 22:02:41,2025-09-27 08:09:02,Mega Image,-7.56,0.00,RON,COMPLETED,101.84
Transfer,Current,2025-09-27 22:11:33,2025-09-27 22:11:33,Revolut Bank UAB Vilnius Sucursala București,-35.84,0.00,RON,COMPLETED,66.00
Card Payment,Current,2025-09-26 23:24:18,2025-09-27 22:18:08,Krem Creations,-66.00,0.00,RON,COMPLETED,0.00
Transfer,Current,2025-09-29 17:47:26,2025-09-29 17:47:26,Revolut Bank UAB Vilnius Sucursala București,21.00,0.00,RON,COMPLETED,21.00
Transfer,Current,2025-10-01 15:59:26,2025-10-01 15:59:27,Revolut Bank UAB Vilnius Sucursala București,30.00,0.00,RON,COMPLETED,51.00
Exchange,Current,2025-10-01 21:52:19,2025-10-01 21:52:19,Exchanged to RON,2193.69,0.00,RON,COMPLETED,2244.69
Card Payment,Current,2025-10-02 19:58:43,2025-10-04 04:48:42,Metrorex,-5.00,0.00,RON,COMPLETED,2239.69
Transfer,Current,2025-10-04 12:40:24,2025-10-04 12:40:25,Revolut Bank UAB Vilnius Sucursala București,5.37,0.00,RON,COMPLETED,2245.06
Topup,Current,2025-10-05 00:44:01,2025-10-05 00:44:02,Apple Pay top-up by *1781,4200.00,0.00,RON,COMPLETED,6445.06
Transfer,Current,2025-10-05 15:52:22,2025-10-05 15:52:23,To Mihai Muntean,-6400.00,0.00,RON,COMPLETED,45.06
Card Payment,Current,2025-10-04 12:40:24,2025-10-05 16:06:15,Mega Image,-10.74,0.00,RON,COMPLETED,34.32
Topup,Current,2025-10-05 18:43:38,2025-10-05 18:43:40,Apple Pay top-up by *1781,60.00,0.00,RON,COMPLETED,94.32
Transfer,Current,2025-10-05 18:44:00,2025-10-05 18:44:01,Revolut Bank UAB Vilnius Sucursala București,-7.00,0.00,RON,COMPLETED,87.32
Transfer,Current,2025-10-05 18:51:24,2025-10-05 18:51:24,Revolut Bank UAB Vilnius Sucursala București,1.00,0.00,RON,COMPLETED,88.32
Topup,Current,2025-10-08 20:36:15,2025-10-08 20:36:17,Apple Pay top-up by *1781,100.00,0.00,RON,COMPLETED,188.32
Transfer,Current,2025-10-08 20:36:52,2025-10-08 20:36:53,Revolut Bank UAB Vilnius Sucursala București,1.00,0.00,RON,COMPLETED,189.32
Card Payment,Current,2025-10-08 20:38:34,2025-10-09 07:33:51,Stay Fit Gym,-189.00,0.00,RON,COMPLETED,0.32
Transfer,Current,2025-10-09 15:58:18,2025-10-09 15:58:18,Revolut Bank UAB Vilnius Sucursala București,24.00,0.00,RON,COMPLETED,24.32
Transfer,Current,2025-10-09 20:11:56,2025-10-09 20:11:56,Revolut Bank UAB Vilnius Sucursala București,100.00,0.00,RON,COMPLETED,124.32
Transfer,Current,2025-10-11 03:40:08,2025-10-11 03:40:09,Revolut Bank UAB Vilnius Sucursala București,35.00,0.00,RON,COMPLETED,159.32
Transfer,Current,2025-10-11 03:48:16,2025-10-11 03:48:16,Revolut Bank UAB Vilnius Sucursala București,-4.91,0.00,RON,COMPLETED,154.41
Card Payment,Current,2025-10-10 22:49:46,2025-10-11 07:18:07,Mega Image,-34.41,0.00,RON,COMPLETED,120.00
Card Payment,Current,2025-10-10 11:37:00,2025-10-11 07:21:32,Trading M2b,-24.00,0.00,RON,COMPLETED,96.00
Card Payment,Current,2025-10-11 03:47:18,2025-10-11 20:01:08,Alex Fresh Food,-34.00,0.00,RON,COMPLETED,62.00
Topup,Current,2025-10-11 20:47:44,2025-10-11 20:47:46,Apple Pay top-up by *1781,60.00,0.00,RON,COMPLETED,122.00
Transfer,Current,2025-10-11 20:47:56,2025-10-11 20:47:56,Revolut Bank UAB Vilnius Sucursala București,-35.00,0.00,RON,COMPLETED,87.00
Card Payment,Current,2025-10-11 01:03:52,2025-10-12 07:18:15,Apollo 111,-19.00,0.00,RON,COMPLETED,68.00
Card Payment,Current,2025-10-11 00:42:02,2025-10-12 07:18:21,Apollo 111,-19.00,0.00,RON,COMPLETED,49.00
Transfer,Current,2025-10-12 12:34:01,2025-10-12 12:34:02,Revolut Bank UAB Vilnius Sucursala București,-16.00,0.00,RON,COMPLETED,33.00
Card Payment,Current,2025-10-12 11:46:58,2025-10-13 07:19:50,Carrefour,-6.59,0.00,RON,COMPLETED,26.41
Card Payment,Current,2025-10-11 02:53:10,2025-10-14 04:37:26,Eurostil Market,-24.00,0.00,RON,COMPLETED,2.41
Transfer,Current,2025-10-17 22:39:54,2025-10-17 22:39:55,Revolut Bank UAB Vilnius Sucursala București,56.00,0.00,RON,COMPLETED,58.41
Transfer,Current,2025-10-18 12:35:22,2025-10-18 12:35:22,Revolut Bank UAB Vilnius Sucursala București,-24.00,0.00,RON,COMPLETED,34.41
Card Payment,Current,2025-10-18 14:36:35,2025-10-19 07:08:31,Issa Supermarket,-6.59,0.00,RON,COMPLETED,27.82
Transfer,Current,2025-10-19 17:02:25,2025-10-19 17:02:25,Revolut Bank UAB Vilnius Sucursala București,100.00,0.00,RON,COMPLETED,127.82
Card Payment,Current,2025-10-20 07:58:49,2025-10-21 17:57:07,PENNY,-24.00,0.00,RON,COMPLETED,103.82
Card Payment,Current,2025-10-21 18:05:52,2025-10-22 07:15:40,Curcubeului Market,-24.00,0.00,RON,COMPLETED,79.82
Transfer,Current,2025-10-22 08:28:29,2025-10-22 08:28:30,Revolut Bank UAB Vilnius Sucursala București,-15.00,0.00,RON,COMPLETED,64.82
Card Payment,Current,2025-10-22 18:16:11,2025-10-23 07:27:54,Alecia StilFrutti,-24.00,0.00,RON,COMPLETED,40.82
Transfer,Current,2025-10-23 22:13:30,2025-10-23 22:13:30,Revolut Bank UAB Vilnius Sucursala București,-6.00,0.00,RON,COMPLETED,34.82
Transfer,Current,2025-10-23 22:44:17,2025-10-23 22:44:17,Revolut Bank UAB Vilnius Sucursala București,-25.00,0.00,RON,COMPLETED,9.82
Card Payment,Current,2025-10-23 15:09:43,2025-10-24 11:55:22,Fast Vending Solution,-6.00,0.00,RON,COMPLETED,3.82
Card Payment,Current,2025-10-23 21:25:15,2025-10-25 04:40:11,STB Bucuresti,-3.00,0.00,RON,COMPLETED,0.82
Transfer,Current,2025-10-25 16:12:55,2025-10-25 16:12:56,Revolut Bank UAB Vilnius Sucursala București,100.00,0.00,RON,COMPLETED,100.82
Transfer,Current,2025-10-25 16:13:42,2025-10-25 16:13:43,Revolut Bank UAB Vilnius Sucursala București,100.00,0.00,RON,COMPLETED,200.82
Transfer,Current,2025-10-25 17:02:05,2025-10-25 17:02:06,Revolut Bank UAB Vilnius Sucursala București,10.00,0.00,RON,COMPLETED,210.82
Transfer,Current,2025-10-25 19:48:20,2025-10-25 19:48:20,Revolut Bank UAB Vilnius Sucursala București,98.00,0.00,RON,COMPLETED,308.82
Transfer,Current,2025-10-25 23:31:49,2025-10-25 23:31:50,Revolut Bank UAB Vilnius Sucursala București,-30.00,0.00,RON,COMPLETED,278.82
Transfer,Current,2025-10-26 04:20:38,2025-10-26 04:20:38,Revolut Bank UAB Vilnius Sucursala București,-7.00,0.00,RON,COMPLETED,271.82
Card Payment,Current,2025-10-26 02:45:52,2025-10-26 09:35:04,Limoncello Club,-25.00,0.00,RON,COMPLETED,246.82
Card Payment,Current,2025-10-26 04:24:15,2025-10-27 03:30:38,Arabian Taste,-32.00,0.00,RON,COMPLETED,214.82
Card Payment,Current,2025-10-26 19:53:13,2025-10-27 05:53:32,Mega Image,-21.27,0.00,RON,COMPLETED,193.55
Card Payment,Current,2025-10-26 02:15:05,2025-10-27 10:10:36,Beluga Music & Cocktails,-40.00,0.00,RON,COMPLETED,153.55
Card Payment,Current,2025-10-26 15:14:15,2025-10-28 03:12:20,Metrorex,-5.00,0.00,RON,COMPLETED,148.55
Card Payment,Current,2025-10-27 19:20:44,2025-10-28 05:36:04,MOL,-23.99,0.00,RON,COMPLETED,124.56
Card Payment,Current,2025-10-27 19:55:40,2025-10-28 17:57:15,PENNY,-3.65,0.00,RON,COMPLETED,120.91
Card Payment,Current,2025-10-29 11:06:29,2025-10-30 06:08:09,Standard Food,-9.18,0.00,RON,COMPLETED,111.73
Card Payment,Current,2025-10-29 13:12:42,2025-10-30 10:41:27,Fast Vending Solution,-6.00,0.00,RON,COMPLETED,105.73
Transfer,Current,2025-10-30 22:14:36,2025-10-30 22:14:36,Revolut Bank UAB Vilnius Sucursala București,100.00,0.00,RON,COMPLETED,205.73
Transfer,Current,2025-10-30 22:19:28,2025-10-30 22:19:28,Revolut Bank UAB Vilnius Sucursala București,100.00,0.00,RON,COMPLETED,305.73
Card Payment,Current,2025-10-29 10:46:08,2025-10-31 03:19:32,STB Bucuresti,-3.00,0.00,RON,COMPLETED,302.73
Card Payment,Current,2025-10-30 12:23:27,2025-10-31 06:23:58,Carrefour,-3.69,0.00,RON,COMPLETED,299.04
Transfer,Current,2025-10-31 21:48:06,2025-10-31 21:48:06,Revolut Bank UAB Vilnius Sucursala București,-41.00,0.00,RON,COMPLETED,258.04
Transfer,Current,2025-11-01 02:23:53,2025-11-01 02:23:54,Revolut Bank UAB Vilnius Sucursala București,-20.00,0.00,RON,COMPLETED,238.04
Transfer,Current,2025-11-01 15:20:37,2025-11-01 15:20:38,Revolut Bank UAB Vilnius Sucursala București,-4.00,0.00,RON,COMPLETED,234.04
Transfer,Current,2025-11-02 01:01:40,2025-11-02 01:01:40,Revolut Bank UAB Vilnius Sucursala București,15.00,0.00,RON,COMPLETED,249.04
Transfer,Current,2025-11-02 01:01:42,2025-11-02 01:01:43,Revolut Bank UAB Vilnius Sucursala București,15.00,0.00,RON,COMPLETED,264.04
Transfer,Current,2025-11-02 01:02:09,2025-11-02 01:02:10,Revolut Bank UAB Vilnius Sucursala București,15.00,0.00,RON,COMPLETED,279.04
Card Payment,Current,2025-11-01 01:28:53,2025-11-02 05:43:19,Smart Vending Solutions,-6.00,0.00,RON,COMPLETED,273.04
Card Payment,Current,2025-11-02 00:22:48,2025-11-02 05:47:02,MOL,-26.18,0.00,RON,COMPLETED,246.86
Card Payment,Current,2025-11-02 01:12:14,2025-11-03 11:02:24,OMV,-50.41,0.00,RON,COMPLETED,196.45
Transfer,Current,2025-11-03 12:35:29,2025-11-03 12:35:30,Revolut Bank UAB Vilnius Sucursala București,-22.00,0.00,RON,COMPLETED,174.45
Card Payment,Current,2025-10-31 16:02:59,2025-11-04 04:46:05,STB Bucuresti,-3.00,0.00,RON,COMPLETED,171.45
Transfer,Current,2025-11-04 11:02:17,2025-11-04 11:02:17,Revolut Bank UAB Vilnius Sucursala București,-6.50,0.00,RON,COMPLETED,164.95
Transfer,Current,2025-11-05 12:56:15,2025-11-05 12:56:16,Revolut Bank UAB Vilnius Sucursala București,4.01,0.00,RON,COMPLETED,168.96
Transfer,Current,2025-11-07 14:20:27,2025-11-07 14:20:28,Revolut Bank UAB Vilnius Sucursala București,60.00,0.00,RON,COMPLETED,228.96
Transfer,Current,2025-11-07 19:02:20,2025-11-07 19:02:21,Revolut Bank UAB Vilnius Sucursala București,-24.00,0.00,RON,COMPLETED,204.96
Card Payment,Current,2025-11-07 14:25:39,2025-11-08 12:47:54,Petrom,-200.23,0.00,RON,COMPLETED,4.73
Transfer,Current,2025-11-08 15:03:43,2025-11-08 15:03:44,Revolut Bank UAB Vilnius Sucursala București,-4.00,0.00,RON,COMPLETED,0.73
Transfer,Current,2025-11-08 23:52:47,2025-11-08 23:52:48,Revolut Bank UAB Vilnius Sucursala București,9.00,0.00,RON,COMPLETED,9.73
Transfer,Current,2025-11-10 14:54:32,2025-11-10 14:54:33,Revolut Bank UAB Vilnius Sucursala București,-9.00,0.00,RON,COMPLETED,0.73
Transfer,Current,2025-11-10 16:14:43,2025-11-10 16:14:43,Revolut Bank UAB Vilnius Sucursala București,40.00,0.00,RON,COMPLETED,40.73
Transfer,Current,2025-11-10 20:32:32,2025-11-10 20:32:32,Revolut Bank UAB Vilnius Sucursala București,0.27,0.00,RON,COMPLETED,41.00
Topup,Current,2025-11-10 22:09:54,2025-11-10 22:09:56,Apple Pay top-up by *6660,200.00,0.00,RON,COMPLETED,241.00
Card Payment,Current,2025-11-10 16:15:19,2025-11-11 05:04:14,Trading M2b,-7.00,0.00,RON,COMPLETED,234.00
Card Payment,Current,2025-11-10 20:45:18,2025-11-11 07:39:50,Mega Image,-24.00,0.00,RON,COMPLETED,210.00
Card Payment,Current,2025-11-11 06:12:33,2025-11-11 17:04:51,Stay Fit Gym,-189.00,0.00,RON,COMPLETED,21.00
Card Payment,Current,2025-11-11 12:24:20,2025-11-12 04:25:54,Trading M2b,-10.00,0.00,RON,COMPLETED,11.00
Card Payment,Current,2025-11-10 19:53:44,2025-11-12 04:31:34,Metrorex,-10.00,0.00,RON,COMPLETED,1.00
Transfer,Current,2025-11-12 09:55:29,2025-11-12 09:55:30,Revolut Bank UAB Vilnius Sucursala București,8.00,0.00,RON,COMPLETED,9.00
Transfer,Current,2025-11-12 09:55:33,2025-11-12 09:55:34,Revolut Bank UAB Vilnius Sucursala București,2.00,0.00,RON,COMPLETED,11.00
Card Payment,Current,2025-11-12 10:35:16,2025-11-13 12:02:17,Fast Vending Solution,-6.00,0.00,RON,COMPLETED,5.00
Transfer,Current,2025-11-13 17:42:51,2025-11-13 17:42:52,Revolut Bank UAB Vilnius Sucursala București,-5.00,0.00,RON,COMPLETED,0.00
Transfer,Current,2025-11-15 18:00:52,2025-11-15 18:00:52,Revolut Bank UAB Vilnius Sucursala București,100.00,0.00,RON,COMPLETED,100.00
Card Payment,Current,2025-11-16 10:35:04,2025-11-17 07:31:33,Gloria Jean's Coffees,-21.00,0.00,RON,COMPLETED,79.00
Transfer,Current,2025-11-17 12:26:57,2025-11-17 12:26:58,Revolut Bank UAB Vilnius Sucursala București,-2.00,0.00,RON,COMPLETED,77.00
Card Payment,Current,2025-11-16 13:16:47,2025-11-17 16:16:00,Carul Cu Kustos,-20.00,0.00,RON,COMPLETED,57.00
Card Payment,Current,2025-11-17 13:30:50,2025-11-18 04:41:09,Trading M2b,-7.00,0.00,RON,COMPLETED,50.00
Card Payment,Current,2025-11-17 08:19:22,2025-11-18 04:41:12,Trei Amigos Together Srl,-8.00,0.00,RON,COMPLETED,42.00
Card Payment,Current,2025-11-17 16:05:23,2025-11-18 07:34:48,DMD Coffee & Vending,-4.00,0.00,RON,COMPLETED,38.00
Card Payment,Current,2025-11-17 16:03:10,2025-11-18 07:34:52,DMD Coffee & Vending,-4.00,0.00,RON,COMPLETED,34.00
Transfer,Current,2025-11-18 09:10:14,2025-11-18 09:10:14,Revolut Bank UAB Vilnius Sucursala București,11.00,0.00,RON,COMPLETED,45.00
Transfer,Current,2025-11-18 09:10:20,2025-11-18 09:10:21,Revolut Bank UAB Vilnius Sucursala București,2.00,0.00,RON,COMPLETED,47.00
Card Payment,Current,2025-11-17 12:40:10,2025-11-19 04:56:20,Universitatea POLITEHNICA din București,-21.50,0.00,RON,COMPLETED,25.50
Card Payment,Current,2025-11-18 19:30:57,2025-11-19 07:15:46,Lidl,-5.38,0.00,RON,COMPLETED,20.12
Card Payment,Current,2025-11-18 21:44:57,2025-11-19 07:17:14,Carrefour,-4.09,0.00,RON,COMPLETED,16.03
Card Payment,Current,2025-11-19 13:07:57,2025-11-20 07:29:16,Nova prompt,-3.50,0.00,RON,COMPLETED,12.53
Transfer,Current,2025-11-20 13:43:57,2025-11-20 13:43:58,Revolut Bank UAB Vilnius Sucursala București,2.00,0.00,RON,COMPLETED,14.53
Transfer,Current,2025-11-20 16:36:02,2025-11-20 16:36:02,Revolut Bank UAB Vilnius Sucursala București,18.00,0.00,RON,COMPLETED,32.53
Card Payment,Current,2025-11-20 16:07:05,2025-11-21 07:16:18,DMD Coffee & Vending,-3.00,0.00,RON,COMPLETED,29.53
Transfer,Current,2025-11-21 19:18:49,2025-11-21 19:18:49,Revolut Bank UAB Vilnius Sucursala București,100.00,0.00,RON,COMPLETED,129.53
Card Payment,Current,2025-11-21 21:15:54,2025-11-22 07:18:44,Mega Image,-17.49,0.00,RON,COMPLETED,112.04
Card Payment,Current,2025-11-21 21:19:27,2025-11-22 07:18:45,Mega Image,-10.98,0.00,RON,COMPLETED,101.06
Card Payment,Current,2025-11-21 20:28:56,2025-11-22 07:20:18,Carrefour,-3.69,0.00,RON,COMPLETED,97.37
Card Payment,Current,2025-11-22 10:00:23,2025-11-23 06:55:00,AIO Supermarket,-20.50,0.00,RON,COMPLETED,76.87
Card Payment,Current,2025-11-22 10:08:05,2025-11-23 06:55:42,Gloria Jean's Coffees,-23.50,0.00,RON,COMPLETED,53.37
Transfer,Current,2025-11-23 19:42:26,2025-11-23 19:42:27,Revolut Bank UAB Vilnius Sucursala București,-8.00,0.00,RON,COMPLETED,45.37
Card Payment,Current,2025-11-23 00:11:02,2025-11-24 04:41:28,Mega Image,-24.00,0.00,RON,COMPLETED,21.37
Transfer,Current,2025-11-24 10:23:59,2025-11-24 10:23:59,Revolut Bank UAB Vilnius Sucursala București,4.00,0.00,RON,COMPLETED,25.37
Transfer,Current,2025-11-24 15:02:07,2025-11-24 15:02:08,Revolut Bank UAB Vilnius Sucursala București,-4.00,0.00,RON,COMPLETED,21.37
Transfer,Current,2025-11-24 15:03:38,2025-11-24 15:03:39,Revolut Bank UAB Vilnius Sucursala București,4.00,0.00,RON,COMPLETED,25.37
Card Payment,Current,2025-11-24 08:22:05,2025-11-25 07:47:18,DMD Coffee & Vending,-3.00,0.00,RON,COMPLETED,22.37
Card Payment,Current,2025-11-24 21:31:17,2025-11-25 17:16:52,Annabella,-20.00,0.00,RON,COMPLETED,2.37
Transfer,Current,2025-11-25 21:54:57,2025-11-25 21:54:58,Revolut Bank UAB Vilnius Sucursala București,28.00,0.00,RON,COMPLETED,30.37
Transfer,Current,2025-11-25 21:56:15,2025-11-25 21:56:15,Revolut Bank UAB Vilnius Sucursala București,28.00,0.00,RON,COMPLETED,58.37
Transfer,Current,2025-11-25 22:33:29,2025-11-25 22:33:30,Revolut Bank UAB Vilnius Sucursala București,28.00,0.00,RON,COMPLETED,86.37
Card Payment,Current,2025-11-26 00:02:06,2025-11-26 17:11:55,La Mia Musica Restaurant,-20.00,0.00,RON,COMPLETED,66.37
Card Payment,Current,2025-11-26 00:37:56,2025-11-26 17:11:58,La Mia Musica Restaurant,-20.00,0.00,RON,COMPLETED,46.37
Card Payment,Current,2025-11-26 01:24:24,2025-11-26 17:11:58,La Mia Musica Restaurant,-20.00,0.00,RON,COMPLETED,26.37
Transfer,Current,2025-11-27 16:44:05,2025-11-27 16:44:05,Revolut Bank UAB Vilnius Sucursala București,8.00,0.00,RON,COMPLETED,34.37
Transfer,Current,2025-11-28 11:16:55,2025-11-28 11:16:55,Revolut Bank UAB Vilnius Sucursala București,56.00,0.00,RON,COMPLETED,90.37
Card Payment,Current,2025-11-28 11:09:43,2025-11-29 07:24:19,Alecia StilFrutti,-4.50,0.00,RON,COMPLETED,85.87
Card Payment,Current,2025-11-28 11:13:34,2025-11-29 07:24:23,Alecia StilFrutti,-24.00,0.00,RON,COMPLETED,61.87
Card Payment,Current,2025-11-28 11:44:59,2025-11-29 07:24:39,Mega Image,-24.00,0.00,RON,COMPLETED,37.87
Topup,Current,2025-11-29 22:08:20,2025-11-29 22:08:21,Apple Pay top-up by *6660,100.00,0.00,RON,COMPLETED,137.87
Transfer,Current,2025-11-30 20:42:57,2025-11-30 20:42:58,Revolut Bank UAB Vilnius Sucursala București,9.00,0.00,RON,COMPLETED,146.87
Card Payment,Current,2025-11-30 21:40:08,2025-12-01 08:51:26,Mega Image,-6.39,0.00,RON,COMPLETED,140.48
Card Payment,Current,2025-11-30 17:15:46,2025-12-01 08:51:41,Mega Image,-5.29,0.00,RON,COMPLETED,135.19
Transfer,Current,2025-11-29 22:12:44,2025-12-01 22:04:54,International Transfer to Universitatea Nationala de Stiinte si Tehnologie Politehnica Bucuresti,-100.00,0.00,RON,COMPLETED,35.19
Transfer,Current,2025-12-02 19:27:55,2025-12-02 19:27:56,Revolut Bank UAB Vilnius Sucursala București,100.00,0.00,RON,COMPLETED,135.19
Card Payment,Current,2025-11-28 11:51:35,2025-12-03 05:10:37,Sky 24,-12.00,0.00,RON,COMPLETED,123.19
Card Payment,Current,2025-12-03 10:23:54,2025-12-04 07:23:35,Bufallo Top Star Srl,-5.00,0.00,RON,COMPLETED,118.19
Card Payment,Current,2025-12-03 13:32:42,2025-12-04 07:23:59,Nova prompt,-6.00,0.00,RON,COMPLETED,112.19
Card Payment,Current,2025-12-03 13:33:12,2025-12-04 07:24:00,Nova prompt,-3.50,0.00,RON,COMPLETED,108.69
Transfer,Current,2025-12-04 16:14:43,2025-12-04 16:14:44,Revolut Bank UAB Vilnius Sucursala București,100.00,0.00,RON,COMPLETED,208.69
Transfer,Current,2025-12-05 19:40:13,2025-12-05 19:40:13,Revolut Bank UAB Vilnius Sucursala București,200.00,0.00,RON,COMPLETED,408.69
Card Payment,Current,2025-12-05 22:19:40,2025-12-06 07:10:38,Mega Image,-110.77,0.00,RON,COMPLETED,297.92
Card Payment,Current,2025-12-05 16:31:30,2025-12-06 07:18:17,MOL,-23.99,0.00,RON,COMPLETED,273.93
Card Payment,Current,2025-12-05 18:35:43,2025-12-06 14:29:46,Fast Vending Solution,-4.00,0.00,RON,COMPLETED,269.93
Card Payment,Current,2025-12-05 16:01:31,2025-12-06 14:29:47,Fast Vending Solution,-4.00,0.00,RON,COMPLETED,265.93
Transfer,Current,2025-12-07 00:30:47,2025-12-07 00:30:48,Revolut Bank UAB Vilnius Sucursala București,24.00,0.00,RON,COMPLETED,289.93
Card Payment,Current,2025-12-05 23:06:35,2025-12-07 06:52:28,Spalatorie Auto Alexander,-13.32,0.00,RON,COMPLETED,276.61
Card Payment,Current,2025-12-07 00:31:08,2025-12-07 06:58:46,MOL,-56.47,0.00,RON,COMPLETED,220.14
Card Payment,Current,2025-12-06 22:56:47,2025-12-07 11:20:54,Gigi Burger,-60.00,0.00,RON,COMPLETED,160.14
Card Payment,Current,2025-12-06 00:11:31,2025-12-07 11:22:51,OMV,-40.99,0.00,RON,COMPLETED,119.15
Card Payment,Current,2025-12-06 15:40:46,2025-12-07 18:02:50,Profi,-24.00,0.00,RON,COMPLETED,95.15
Card Payment,Current,2025-12-08 21:05:15,,Bolt,-10.00,0.00,RON,REVERTED,
Card Payment,Current,2025-12-08 15:25:49,2025-12-09 05:17:16,Trading M2b,-7.00,0.00,RON,COMPLETED,88.15
Card Payment,Current,2025-12-08 21:17:09,2025-12-09 05:19:49,Bolt,-14.74,0.00,RON,COMPLETED,73.41
Card Payment,Current,2025-12-08 12:19:34,2025-12-09 07:27:13,Simigeria Matei,-7.99,0.00,RON,COMPLETED,65.42
Card Payment,Current,2025-12-09 09:10:52,,Fast Vending Solution,-4.00,0.00,RON,REVERTED,
Card Payment,Current,2025-12-08 08:16:12,2025-12-09 11:00:36,Fast Vending Solution,-4.00,0.00,RON,COMPLETED,61.42
Transfer,Current,2025-12-10 07:23:29,2025-12-10 07:23:30,Revolut Bank UAB Vilnius Sucursala București,100.00,0.00,RON,COMPLETED,161.42
Transfer,Current,2025-12-10 10:50:01,2025-12-10 10:50:01,Revolut Bank UAB Vilnius Sucursala București,-4.00,0.00,RON,COMPLETED,157.42
Card Payment,Current,2025-12-09 09:11:22,2025-12-10 11:18:07,Fast Vending Solution,-4.00,0.00,RON,COMPLETED,153.42
Card Payment,Current,2025-12-10 15:59:22,,Nova prompt,-6.50,0.00,RON,REVERTED,
Transfer,Current,2025-12-10 16:29:45,2025-12-10 16:29:45,Revolut Bank UAB Vilnius Sucursala București,-40.00,0.00,RON,COMPLETED,113.42
Topup,Current,2025-12-10 22:14:11,2025-12-10 22:14:13,Apple Pay top-up by *6660,319.00,0.00,RON,COMPLETED,432.42
Transfer,Current,2025-12-10 22:19:07,2025-12-10 22:19:08,Revolut Bank UAB Vilnius Sucursala București,16.00,0.00,RON,COMPLETED,448.42
Transfer,Current,2025-12-10 22:19:12,2025-12-10 22:19:13,Revolut Bank UAB Vilnius Sucursala București,4.00,0.00,RON,COMPLETED,452.42
Card Payment,Current,2025-12-10 16:03:38,2025-12-11 04:37:04,Trei Amigos Together Srl,-15.00,0.00,RON,COMPLETED,437.42
Card Payment,Current,2025-12-10 15:59:42,2025-12-11 07:31:32,Nova prompt,-6.50,0.00,RON,COMPLETED,430.92
Card Payment,Current,2025-12-10 22:31:49,2025-12-11 18:14:52,eMAG,-422.72,0.00,RON,COMPLETED,8.20
Card Payment,Current,2025-12-11 17:49:18,2025-12-12 07:37:24,Simigeria Matei,-6.99,0.00,RON,COMPLETED,1.21
Topup,Current,2025-12-12 13:07:50,2025-12-12 13:07:51,Apple Pay top-up by *6660,130.00,0.00,RON,COMPLETED,131.21
Transfer,Current,2025-12-12 13:08:07,2025-12-12 13:08:07,Revolut Bank UAB Vilnius Sucursala București,-51.00,0.00,RON,COMPLETED,80.21
Card Payment,Current,2025-12-12 22:10:31,2025-12-13 04:55:26,Froo,-48.00,0.00,RON,COMPLETED,32.21
Transfer,Current,2025-12-13 12:22:09,2025-12-13 12:22:10,Revolut Bank UAB Vilnius Sucursala București,-3.00,0.00,RON,COMPLETED,29.21
Card Payment,Current,2025-12-13 14:09:39,2025-12-14 07:33:21,Nova prompt,-6.50,0.00,RON,COMPLETED,22.71
Transfer,Current,2025-12-15 17:17:39,2025-12-15 17:17:39,Revolut Bank UAB Vilnius Sucursala București,34.00,0.00,RON,COMPLETED,56.71
Transfer,Current,2025-12-15 19:53:28,2025-12-15 19:53:29,Revolut Bank UAB Vilnius Sucursala București,-2.20,0.00,RON,COMPLETED,54.51
Topup,Current,2025-12-15 22:17:30,2025-12-15 22:17:31,Apple Pay top-up by *6660,575.00,0.00,RON,COMPLETED,629.51
Transfer,Current,2025-12-15 22:17:43,2025-12-15 22:17:43,Revolut Bank UAB Vilnius Sucursala București,-575.00,0.00,RON,COMPLETED,54.51
Card Payment,Current,2025-12-15 16:21:05,2025-12-16 07:37:15,Ned 2000 Com Impex Srl,-10.00,0.00,RON,COMPLETED,44.51
Card Payment,Current,2025-12-15 15:48:05,2025-12-16 16:58:14,Latte Coffee To Go,-6.00,0.00,RON,COMPLETED,38.51
Transfer,Current,2025-12-17 23:37:01,2025-12-17 23:37:02,Revolut Bank UAB Vilnius Sucursala București,-32.50,0.00,RON,COMPLETED,6.01
Topup,Current,2025-12-20 14:59:40,2025-12-20 14:59:42,Apple Pay top-up by *6405,100.00,0.00,RON,COMPLETED,106.01
Transfer,Current,2025-12-20 14:59:56,2025-12-20 14:59:57,Revolut Bank UAB Vilnius Sucursala București,-50.00,0.00,RON,COMPLETED,56.01
Transfer,Current,2025-12-21 03:40:31,2025-12-21 03:40:31,Revolut Bank UAB Vilnius Sucursala București,-16.00,0.00,RON,COMPLETED,40.01
Card Payment,Current,2025-12-20 16:56:07,2025-12-21 07:37:59,MOL,-23.99,0.00,RON,COMPLETED,16.02
Transfer,Current,2025-12-21 13:24:27,2025-12-21 13:24:27,Revolut Bank UAB Vilnius Sucursala București,15.00,0.00,RON,COMPLETED,31.02
Card Payment,Current,2025-12-21 05:21:16,2025-12-21 19:00:33,Alex Fresh Food,-6.00,0.00,RON,COMPLETED,25.02
Transfer,Current,2025-12-22 22:32:31,2025-12-22 22:32:31,Revolut Bank UAB Vilnius Sucursala București,200.00,0.00,RON,COMPLETED,225.02
Transfer,Current,2025-12-23 11:41:18,2025-12-23 11:41:19,Revolut Bank UAB Vilnius Sucursala București,100.00,0.00,RON,COMPLETED,325.02
Transfer,Current,2025-12-23 15:43:30,2025-12-23 15:43:30,Revolut Bank UAB Vilnius Sucursala București,6.55,0.00,RON,COMPLETED,331.57
Transfer,Current,2025-12-24 01:30:54,2025-12-24 01:30:54,Revolut Bank UAB Vilnius Sucursala București,-28.00,0.00,RON,COMPLETED,303.57
Card Payment,Current,2025-12-23 23:16:52,2025-12-24 07:49:13,La Papa Hap,-26.00,0.00,RON,COMPLETED,277.57
Card Payment,Current,2025-12-23 15:42:47,2025-12-24 07:50:51,Carrefour,-6.55,0.00,RON,COMPLETED,271.02
Card Payment,Current,2025-12-23 23:52:11,2025-12-24 19:00:17,Eventbook,-30.00,0.00,RON,COMPLETED,241.02
Card Payment,Current,2025-12-24 02:04:01,2025-12-25 07:29:41,Socului kebap,-41.00,0.00,RON,COMPLETED,200.02
Card Payment,Current,2025-12-24 15:05:59,2025-12-25 15:29:24,Jumbo,-47.43,0.00,RON,COMPLETED,152.59
Card Payment,Current,2025-12-24 13:47:34,2025-12-25 15:29:24,Nala Iris Titan,-100.70,0.00,RON,COMPLETED,51.89
Transfer,Current,2025-12-26 02:40:39,2025-12-26 02:40:39,Revolut Bank UAB Vilnius Sucursala București,-50.00,0.00,RON,COMPLETED,1.89
Transfer,Current,2025-12-29 23:16:17,2025-12-29 23:16:17,Revolut Bank UAB Vilnius Sucursala București,38.00,0.00,RON,COMPLETED,39.89
Transfer,Current,2025-12-30 11:18:23,2025-12-30 11:18:23,Revolut Bank UAB Vilnius Sucursala București,100.00,0.00,RON,COMPLETED,139.89
Transfer,Current,2025-12-30 15:24:18,2025-12-31 12:01:39,International Transfer to Universitatea Nationala de Stiinte si Tehnologie Politehnica Bucuresti,-100.00,0.00,RON,COMPLETED,39.89
Transfer,Current,2025-12-31 21:43:22,2025-12-31 21:43:22,Revolut Bank UAB Vilnius Sucursala București,-31.00,0.00,RON,COMPLETED,8.89
Transfer,Current,2026-01-11 01:37:53,2026-01-11 01:37:53,Revolut Bank UAB Vilnius Sucursala București,15.00,0.00,RON,COMPLETED,23.89
Transfer,Current,2026-01-11 23:58:45,2026-01-11 23:58:45,Revolut Bank UAB Vilnius Sucursala București,100.00,0.00,RON,COMPLETED,123.89
Transfer,Current,2026-01-12 09:28:37,2026-01-12 09:28:37,Revolut Bank UAB Vilnius Sucursala București,-5.00,0.00,RON,COMPLETED,118.89
Transfer,Current,2026-01-12 09:28:51,2026-01-12 09:28:51,Revolut Bank UAB Vilnius Sucursala București,3.00,0.00,RON,COMPLETED,121.89
Transfer,Current,2026-01-12 09:29:18,2026-01-12 09:29:19,Revolut Bank UAB Vilnius Sucursala București,2.00,0.00,RON,COMPLETED,123.89
Transfer,Current,2026-01-12 09:34:06,2026-01-12 09:34:06,Revolut Bank UAB Vilnius Sucursala București,-30.00,0.00,RON,COMPLETED,93.89
Transfer,Current,2026-01-12 09:35:12,2026-01-12 09:35:13,Revolut Bank UAB Vilnius Sucursala București,30.00,0.00,RON,COMPLETED,123.89
Transfer,Current,2026-01-12 11:34:25,2026-01-12 11:34:25,Revolut Bank UAB Vilnius Sucursala București,134.99,0.00,RON,COMPLETED,258.88
Card Payment,Current,2026-01-12 12:15:46,2026-01-13 04:45:59,Mira Romfruct,-35.50,0.00,RON,COMPLETED,223.38
Card Payment,Current,2026-01-12 16:54:44,2026-01-13 04:46:04,Trading M2b,-12.50,0.00,RON,COMPLETED,210.88
Card Payment,Current,2026-01-12 08:26:49,2026-01-13 04:46:08,Trei Amigos Together Srl,-8.00,0.00,RON,COMPLETED,202.88
Card Payment,Current,2026-01-12 14:48:11,2026-01-13 08:07:25,Eur Comtur,-5.00,0.00,RON,COMPLETED,197.88
Card Payment,Current,2026-01-12 21:23:15,2026-01-13 17:21:24,Metrorex,-5.00,0.00,RON,COMPLETED,192.88
Card Payment,Current,2026-01-13 23:31:43,2026-01-14 07:26:59,Mega Image,-44.47,0.00,RON,COMPLETED,148.41
Transfer,Current,2026-01-14 12:52:49,2026-01-14 12:52:49,Balance migration to another region or legal entity,-136.41,0.00,RON,COMPLETED,12.00
Transfer,Current,2026-01-14 12:52:49,2026-01-14 12:52:49,Balance migration to another region or legal entity,136.41,0.00,RON,COMPLETED,148.41
Card Payment,Current,2026-01-14 09:44:27,2026-01-15 04:47:01,Mira Romfruct,-5.00,0.00,RON,COMPLETED,143.41
Card Payment,Current,2026-01-14 16:11:10,2026-01-15 07:41:51,Nova prompt,-6.50,0.00,RON,COMPLETED,136.91
Card Payment,Current,2026-01-14 11:40:24,2026-01-15 14:34:03,Latte Coffee To Go,-7.00,0.00,RON,COMPLETED,129.91
Card Payment,Current,2026-01-15 15:08:46,2026-01-16 07:07:41,Curcubeului Market,-24.00,0.00,RON,COMPLETED,105.91
Card Payment,Current,2026-01-15 16:02:55,2026-01-16 07:09:18,Mira Romfruct,-24.00,0.00,RON,COMPLETED,81.91
Transfer,Current,2026-01-16 15:30:47,2026-01-16 15:30:48,Transfer to Revolut user,-10.00,0.00,RON,COMPLETED,71.91
Card Payment,Current,2026-01-15 15:27:37,2026-01-16 17:12:25,Metrorex,-5.00,0.00,RON,COMPLETED,66.91
Card Payment,Current,2026-01-15 19:37:02,2026-01-16 17:12:30,Metrorex,-5.00,0.00,RON,COMPLETED,61.91
Transfer,Current,2026-01-16 23:36:27,2026-01-16 23:36:27,Transfer from Revolut user,10.00,0.00,RON,COMPLETED,71.91
Card Payment,Current,2026-01-16 18:03:06,2026-01-17 15:05:42,Mega Mall Bucuresti,-3.00,0.00,RON,COMPLETED,68.91
Transfer,Current,2026-01-18 14:17:50,2026-01-18 14:17:50,Transfer from Revolut user,191.00,0.00,RON,COMPLETED,259.91
Card Payment,Current,2026-01-18 14:55:20,2026-01-19 04:43:56,Mega Image,-8.49,0.00,RON,COMPLETED,251.42
Card Payment,Current,2026-01-18 21:12:29,2026-01-19 12:04:06,Smash Me,-98.00,0.00,RON,COMPLETED,153.42
Card Payment,Current,2026-01-19 12:21:12,2026-01-20 04:36:14,Trading M2b,-24.00,0.00,RON,COMPLETED,129.42
Card Payment,Current,2026-01-19 13:30:03,2026-01-20 04:36:15,Trading M2b,-12.50,0.00,RON,COMPLETED,116.92
Card Payment,Current,2026-01-19 10:07:33,2026-01-20 04:36:20,Trei Amigos Together Srl,-13.00,0.00,RON,COMPLETED,103.92
Card Payment,Current,2026-01-19 16:57:34,2026-01-20 15:48:31,PENNY,-11.42,0.00,RON,COMPLETED,92.50
Card Payment,Current,2026-01-19 07:38:27,2026-01-20 17:23:44,Metrorex,-5.00,0.00,RON,COMPLETED,87.50
Card Payment,Current,2026-01-19 20:52:41,2026-01-20 17:23:49,Metrorex,-5.00,0.00,RON,COMPLETED,82.50
Transfer,Current,2026-01-21 16:48:06,2026-01-21 16:48:06,Transfer to Revolut user,-31.00,0.00,RON,COMPLETED,51.50
Topup,Current,2026-01-22 12:18:46,2026-01-22 12:18:47,Payment from ELENA-MIOARA BAIDAN,130.00,0.00,RON,COMPLETED,181.50
Card Payment,Current,2026-01-21 18:48:28,2026-01-22 13:02:46,Gloria Jean's Coffees,-45.00,0.00,RON,COMPLETED,136.50
Transfer,Current,2026-01-22 19:58:43,2026-01-22 19:58:44,Transfer from ALEXANDRA-NICOLETA PALCU,100.00,0.00,RON,COMPLETED,236.50
Card Payment,Current,2026-01-24 15:36:14,2026-01-25 04:25:29,Arabian Taste,-32.00,0.00,RON,COMPLETED,204.50
Card Payment,Current,2026-01-24 15:30:31,2026-01-25 07:10:06,Mega Image,-17.47,0.00,RON,COMPLETED,187.03
Card Payment,Current,2026-01-25 16:07:05,2026-01-26 04:25:07,Curcubeului Market,-24.00,0.00,RON,COMPLETED,163.03
Transfer,Current,2026-01-27 14:10:37,2026-01-27 14:10:38,Transfer from Revolut user,25.01,0.00,RON,COMPLETED,188.04
Card Payment,Current,2026-01-27 09:25:33,2026-01-28 08:00:49,Mega Image,-25.00,0.00,RON,COMPLETED,163.04
Topup,Current,2026-01-29 11:38:01,2026-01-29 11:38:02,Payment from ELENA-MIOARA BAIDAN,130.00,0.00,RON,COMPLETED,293.04
Transfer,Current,2026-01-29 12:55:33,2026-01-29 12:55:35,To Razvan Mihai Pica,-86.00,0.00,RON,COMPLETED,207.04
Transfer,Current,2026-01-31 12:42:44,2026-01-31 12:42:44,Transfer from Revolut user,5.00,0.00,RON,COMPLETED,212.04
Transfer,Current,2026-01-31 12:57:13,2026-01-31 12:57:14,Transfer to Revolut user,-37.00,0.00,RON,COMPLETED,175.04
Transfer,Current,2026-01-31 19:32:01,2026-01-31 19:32:01,Transfer from ALEXANDRA-NICOLETA PALCU,100.00,0.00,RON,COMPLETED,275.04
Card Payment,Current,2026-01-31 12:42:29,2026-02-01 07:19:15,Mega Image,-15.73,0.00,RON,COMPLETED,259.31
Card Payment,Current,2026-01-31 10:48:30,2026-02-01 07:20:00,DMD Coffee & Vending,-3.00,0.00,RON,COMPLETED,256.31
Topup,Current,2026-02-03 11:35:17,2026-02-03 11:35:18,Payment from ELENA-MIOARA BAIDAN,130.00,0.00,RON,COMPLETED,386.31
Transfer,Current,2026-02-04 15:11:54,2026-02-04 15:11:55,Transfer to MARIN STEFAN-CARADEANU,-55.00,0.00,RON,COMPLETED,331.31
Transfer,Current,2026-02-04 15:53:24,2026-02-04 15:53:24,Transfer to Revolut user,-48.50,0.00,RON,COMPLETED,282.81
Transfer,Current,2026-02-04 17:48:44,2026-02-04 17:48:44,Transfer to Revolut user,-20.00,0.00,RON,COMPLETED,262.81
Topup,Current,2026-02-05 11:48:40,2026-02-05 11:48:40,Payment from ELENA-MIOARA BAIDAN,130.00,0.00,RON,COMPLETED,392.81
Card Payment,Current,2026-02-04 14:59:47,2026-02-05 17:18:17,Uni door expert,-39.00,0.00,RON,COMPLETED,353.81
Card Payment,Current,2026-02-04 10:30:30,2026-02-05 20:15:55,Gmn Birotica,-5.00,0.00,RON,COMPLETED,348.81
Transfer,Current,2026-02-06 23:21:02,2026-02-06 23:21:03,Transfer to Revolut user,-23.00,0.00,RON,COMPLETED,325.81
Transfer,Current,2026-02-07 00:11:56,2026-02-07 00:11:57,Transfer to Revolut user,-9.00,0.00,RON,COMPLETED,316.81
Transfer,Current,2026-02-07 17:55:19,2026-02-07 17:55:19,Transfer from ALEXANDRA-NICOLETA PALCU,100.00,0.00,RON,COMPLETED,416.81
Card Payment,Current,2026-02-07 16:17:05,2026-02-08 07:25:45,MM Partners Pub,-3.00,0.00,RON,COMPLETED,413.81
Card Payment,Current,2026-02-08 00:25:16,2026-02-08 07:31:11,MOL,-24.99,0.00,RON,COMPLETED,388.82
Transfer,Current,2026-02-08 20:53:19,2026-02-08 20:53:19,Transfer to Revolut user,-25.00,0.00,RON,COMPLETED,363.82
Card Payment,Current,2026-02-08 15:15:29,2026-02-09 07:37:47,Gloria Jean's Coffees,-21.00,0.00,RON,COMPLETED,342.82
Transfer,Current,2026-02-09 22:30:40,2026-02-09 22:30:41,Transfer to Revolut user,-25.00,0.00,RON,COMPLETED,317.82
Card Payment,Current,2026-02-09 14:38:07,2026-02-10 04:24:54,Arabian Taste,-40.00,0.00,RON,COMPLETED,277.82
Card Payment,Current,2026-02-07 00:37:35,2026-02-10 04:25:31,LUKOIL,-25.00,0.00,RON,COMPLETED,252.82
Card Payment,Current,2026-02-09 14:33:45,2026-02-10 07:42:20,Mega Image,-5.37,0.00,RON,COMPLETED,247.45
Card Payment,Current,2026-02-09 22:30:01,2026-02-10 07:42:23,Mega Image,-12.78,0.00,RON,COMPLETED,234.67
Card Payment,Current,2026-02-09 09:34:52,2026-02-10 07:48:50,MOL,-24.99,0.00,RON,COMPLETED,209.68
Transfer,Current,2026-02-10 14:25:43,2026-02-10 14:25:44,Transfer to Revolut user,-36.00,0.00,RON,COMPLETED,173.68
Transfer,Current,2026-02-10 17:20:27,2026-02-10 17:20:28,Transfer from Revolut user,6.00,0.00,RON,COMPLETED,179.68
Card Payment,Current,2026-02-10 19:01:12,2026-02-11 04:42:31,Froo,-25.00,0.00,RON,COMPLETED,154.68
Card Payment,Current,2026-02-10 10:59:52,2026-02-11 11:30:49,Mega Image,-8.26,0.00,RON,COMPLETED,146.42
Card Payment,Current,2026-02-10 16:52:47,2026-02-11 11:30:53,Mega Image,-22.32,0.00,RON,COMPLETED,124.10
Transfer,Current,2026-02-11 11:31:00,2026-02-11 11:31:01,Transfer to ALEXANDRU-RAZVAN TUDORICA,-80.00,0.00,RON,COMPLETED,44.10
Card Payment,Current,2026-02-11 15:39:28,2026-02-12 04:41:37,Alex Fresh Food,-31.00,0.00,RON,COMPLETED,13.10
Card Payment,Current,2026-02-11 13:03:21,2026-02-12 07:47:40,Mega Image,-10.37,0.00,RON,COMPLETED,2.73
Transfer,Current,2026-02-14 15:01:50,2026-02-14 15:01:50,Transfer from Revolut user,80.00,0.00,RON,COMPLETED,82.73
Transfer,Current,2026-02-14 17:56:17,2026-02-14 17:56:18,Transfer to Revolut user,-20.00,0.00,RON,COMPLETED,62.73
Transfer,Current,2026-02-14 18:16:19,2026-02-14 18:16:19,Transfer from Revolut user,20.00,0.00,RON,COMPLETED,82.73
Transfer,Current,2026-02-14 21:42:10,2026-02-14 21:42:10,Transfer to Revolut user,-20.00,0.00,RON,COMPLETED,62.73
Transfer,Current,2026-02-16 19:42:03,2026-02-16 19:42:03,Transfer to Revolut user,-25.00,0.00,RON,COMPLETED,37.73
Transfer,Current,2026-02-16 19:42:16,2026-02-16 19:42:17,Transfer to MARIN STEFAN-CARADEANU,-20.00,0.00,RON,COMPLETED,17.73
Topup,Current,2026-02-16 19:47:26,2026-02-16 19:47:27,Apple Pay top-up by *6660,60.00,0.00,RON,COMPLETED,77.73
Transfer,Current,2026-02-16 19:47:37,2026-02-16 19:47:37,Transfer to Revolut user,-40.00,0.00,RON,COMPLETED,37.73
Topup,Current,2026-02-16 21:14:59,2026-02-16 21:15:00,Apple Pay top-up by *6660,70.00,0.00,RON,COMPLETED,107.73
Transfer,Current,2026-02-16 21:15:15,2026-02-16 21:15:16,Transfer to Revolut user,-107.73,0.00,RON,COMPLETED,0.00
Exchange,Current,2026-02-17 17:41:28,2026-02-17 17:41:28,Exchanged to RON,84.48,0.00,RON,COMPLETED,84.48
Transfer,Current,2026-02-17 21:25:08,2026-02-17 21:25:09,Transfer from Revolut user,146.00,0.00,RON,COMPLETED,230.48
Transfer,Current,2026-02-18 11:54:01,2026-02-18 11:54:02,Transfer to Revolut user,-100.00,0.00,RON,COMPLETED,130.48
Transfer,Current,2026-02-19 19:05:05,2026-02-19 19:05:05,Transfer from ALEXANDRA-NICOLETA PALCU,100.00,0.00,RON,COMPLETED,230.48
Transfer,Current,2026-02-19 22:08:49,2026-02-19 22:08:49,Transfer from Revolut user,105.00,0.00,RON,COMPLETED,335.48
Transfer,Current,2026-02-19 23:31:24,2026-02-19 23:31:24,Transfer from MARIN STEFAN-CARADEANU,6.00,0.00,RON,COMPLETED,341.48
Card Payment,Current,2026-02-19 11:11:43,2026-02-20 07:37:44,Dr.Max,-6.49,0.00,RON,COMPLETED,334.99
Card Payment,Current,2026-02-19 22:06:34,2026-02-20 07:37:59,Mega Image,-16.47,0.00,RON,COMPLETED,318.52
Card Payment,Current,2026-02-19 23:30:18,2026-02-20 07:38:02,Mega Image,-7.68,0.00,RON,COMPLETED,310.84
Card Payment,Current,2026-02-21 21:56:50,2026-02-22 04:24:45,Mega Image,-34.10,0.00,RON,COMPLETED,276.74
Transfer,Current,2026-02-22 19:23:48,2026-02-22 19:23:49,Transfer from Revolut user,34.00,0.00,RON,COMPLETED,310.74
Card Payment,Current,2026-02-22 19:24:03,2026-02-23 07:26:51,McDonald's,-60.50,0.00,RON,COMPLETED,250.24
Card Payment,Current,2026-02-23 12:11:13,2026-02-24 04:43:38,Trei Amigos Together Srl,-8.00,0.00,RON,COMPLETED,242.24
Topup,Current,2026-02-24 16:40:32,2026-02-24 16:40:33,Payment from ELENA-MIOARA BAIDAN,130.00,0.00,RON,COMPLETED,372.24
Card Payment,Current,2026-02-23 12:18:37,2026-02-24 17:36:49,Facultatea de Automatică şi Calculatoare,-17.00,0.00,RON,COMPLETED,355.24
Card Payment,Current,2026-02-24 20:54:42,2026-02-25 07:13:22,Ponis Trading Srl,-13.00,0.00,RON,COMPLETED,342.24
Card Payment,Current,2026-02-24 20:22:08,2026-02-25 07:13:28,Better Burger Society,-62.00,0.00,RON,COMPLETED,280.24
Transfer,Current,2026-02-25 14:07:20,2026-02-25 14:07:21,Transfer to Revolut user,-20.00,0.00,RON,COMPLETED,260.24
Transfer,Current,2026-02-25 14:40:40,2026-02-25 14:40:41,Transfer from Revolut user,20.00,0.00,RON,COMPLETED,280.24
Card Payment,Current,2026-02-25 14:36:51,2026-02-26 03:54:53,Trading M2b,-25.00,0.00,RON,COMPLETED,255.24
Card Payment,Current,2026-02-25 21:36:47,2026-02-26 07:02:59,Mega Image,-4.19,0.00,RON,COMPLETED,251.05
Transfer,Current,2026-02-26 16:28:51,2026-02-26 16:28:54,Transfer from Revolut user,240.00,0.00,RON,COMPLETED,491.05
Card Payment,Current,2026-02-25 14:03:49,2026-02-26 18:32:18,Facultatea de Automatică şi Calculatoare,-23.00,0.00,RON,COMPLETED,468.05
Card Payment,Current,2026-02-26 12:40:41,2026-02-27 07:10:48,Orient Shaorma,-33.00,0.00,RON,COMPLETED,435.05
Card Payment,Current,2026-02-26 18:33:17,2026-02-27 15:39:20,Lidl,-2.29,0.00,RON,COMPLETED,432.76
Card Payment,Current,2026-02-26 15:02:24,2026-02-27 16:01:56,RomPetrol,-25.00,0.00,RON,COMPLETED,407.76
Transfer,Current,2026-02-27 19:54:31,2026-02-27 19:54:32,Transfer to Revolut user,-7.50,0.00,RON,COMPLETED,400.26
Transfer,Current,2026-02-27 19:54:51,2026-02-27 19:54:51,Transfer to Revolut user,-5.00,0.00,RON,COMPLETED,395.26
Transfer,Current,2026-02-27 22:52:33,2026-02-27 22:52:33,Transfer from Revolut user,50.00,0.00,RON,COMPLETED,445.26
Transfer,Current,2026-02-28 02:02:10,2026-02-28 02:02:10,Transfer from Revolut user,1.45,0.00,RON,COMPLETED,446.71
Transfer,Current,2026-02-28 02:02:17,2026-02-28 02:02:17,Transfer from Revolut user,10.00,0.00,RON,COMPLETED,456.71
Transfer,Current,2026-02-28 02:02:35,2026-02-28 02:02:36,Transfer from Revolut user,9.00,0.00,RON,COMPLETED,465.71
Transfer,Current,2026-02-28 03:03:55,2026-02-28 03:03:55,Transfer to Revolut user,-11.00,0.00,RON,COMPLETED,454.71
Card Payment,Current,2026-02-27 22:51:50,2026-02-28 07:28:23,Mega Image,-101.91,0.00,RON,COMPLETED,352.80
Card Payment,Current,2026-02-27 14:34:50,2026-02-28 07:33:01,Trading M2b,-25.00,0.00,RON,COMPLETED,327.80
Card Payment,Current,2026-02-27 14:03:14,2026-02-28 07:33:05,Trei Amigos Together Srl,-15.00,0.00,RON,COMPLETED,312.80
Card Payment,Current,2026-02-27 19:00:19,2026-02-28 07:33:06,SuperCom Food Service,-37.80,0.00,RON,COMPLETED,275.00
Card Payment,Current,2026-02-27 14:39:36,2026-02-28 07:33:08,Trei Amigos Together Srl,-8.00,0.00,RON,COMPLETED,267.00
Card Payment,Current,2026-02-28 09:25:24,2026-03-01 06:31:58,Mega Image,-8.49,0.00,RON,COMPLETED,258.51
Card Payment,Current,2026-02-28 09:24:55,2026-03-01 06:35:41,Uber,-22.94,0.00,RON,COMPLETED,235.57
Transfer,Current,2026-03-01 16:28:26,2026-03-01 16:28:28,Transfer from ALEXANDRA-NICOLETA PALCU,100.00,0.00,RON,COMPLETED,335.57
Card Payment,Current,2026-03-01 19:31:03,2026-03-02 07:05:13,MOL,-24.99,0.00,RON,COMPLETED,310.58
Transfer,Current,2026-03-02 10:32:32,2026-03-02 10:32:33,Transfer to MARIN STEFAN-CARADEANU,-8.00,0.00,RON,COMPLETED,302.58
Transfer,Current,2026-03-02 10:57:57,2026-03-02 10:57:58,To Remus Rughinis,-10.00,0.00,RON,COMPLETED,292.58
Transfer,Current,2026-03-02 16:06:14,2026-03-02 16:06:14,Transfer to Revolut user,-59.00,0.00,RON,COMPLETED,233.58
Card Payment,Current,2026-03-02 16:21:05,2026-03-03 04:31:06,Simigeria Matei,-7.99,0.00,RON,COMPLETED,225.59
Card Payment,Current,2026-03-02 21:05:25,2026-03-03 07:11:04,Mega Image,-31.50,0.00,RON,COMPLETED,194.09
Topup,Current,2026-03-03 11:08:57,2026-03-03 11:08:57,Payment from ELENA-MIOARA BAIDAN,130.00,0.00,RON,COMPLETED,324.09
Card Payment,Current,2026-03-02 07:17:19,2026-03-03 18:02:29,Metrorex,-5.00,0.00,RON,COMPLETED,319.09
Card Payment,Current,2026-03-02 16:27:06,2026-03-03 18:02:32,Metrorex,-5.00,0.00,RON,COMPLETED,314.09
Card Payment,Current,2026-03-04 11:41:27,2026-03-04 16:23:07,Fast Vending Solution,-4.00,0.00,RON,COMPLETED,310.09
Card Payment,Current,2026-03-04 09:43:41,2026-03-04 16:58:03,Trading M2b,-25.00,0.00,RON,COMPLETED,285.09
Card Payment,Current,2026-03-04 20:22:34,2026-03-05 07:07:47,McDonald's,-10.00,0.00,RON,COMPLETED,275.09
Card Payment,Current,2026-03-04 14:23:27,2026-03-05 07:07:50,Agrolegum Conserv,-29.00,0.00,RON,COMPLETED,246.09
Card Payment,Current,2026-03-04 16:20:25,2026-03-05 07:16:07,Fast Vending Solution,-6.00,0.00,RON,COMPLETED,240.09
Transfer,Current,2026-03-05 17:25:35,2026-03-05 17:25:36,Transfer to Revolut user,-25.00,0.00,RON,COMPLETED,215.09
Card Payment,Current,2026-03-05 17:04:27,2026-03-06 04:17:06,Nova prompt,-6.00,0.00,RON,COMPLETED,209.09
Card Payment,Current,2026-03-05 17:04:06,2026-03-06 04:17:10,Nova prompt,-3.50,0.00,RON,COMPLETED,205.59
Card Payment,Current,2026-03-05 14:29:36,2026-03-06 04:22:47,Fast Vending Solution,-4.00,0.00,RON,COMPLETED,201.59
Card Payment,Current,2026-03-05 07:19:18,2026-03-06 07:29:14,Alecia StilFrutti,-4.50,0.00,RON,COMPLETED,197.09
Card Payment,Current,2026-03-06 10:39:02,2026-03-06 16:03:53,Fast Vending Solution,-6.00,0.00,RON,COMPLETED,191.09
Card Payment,Current,2026-03-05 12:07:51,2026-03-06 18:50:02,Facultatea de Automatică şi Calculatoare,-32.00,0.00,RON,COMPLETED,159.09
Card Payment,Current,2026-03-07 23:07:58,2026-03-08 07:08:58,Mega Image,-15.07,0.00,RON,COMPLETED,144.02
Card Payment,Current,2026-03-07 23:49:14,2026-03-08 07:09:00,Mega Image,-25.00,0.00,RON,COMPLETED,119.02
Card Payment,Current,2026-03-09 11:27:29,,Alecia StilFrutti,-4.50,0.00,RON,PENDING,
Card Payment,Current,2026-03-09 12:26:15,,Facultatea de Automatică şi Calculatoare,-12.00,0.00,RON,PENDING,
Card Payment,Current,2026-03-09 12:47:03,,Fast Vending Solution,-4.00,0.00,RON,PENDING,
Card Payment,Current,2026-03-09 15:45:50,,Megapan,-8.00,0.00,RON,PENDING,
